4859 6359
573 750 635 814 660
1092 755 1266 818 llllNlllCl
1291 755 1458 816 snrrllss
1797 759 1878 836 [Ans.
1899 759 1983 822 1234

574 893 688 958 tarum
706 885 805 959 nobis
832 941 841 960 .
873 942 882 958 .
913 943 921 961 .
951 889 1123 964 abbatisse
1136 899 1171 964 et
1185 901 1375 963 conventus
1392 888 1588 962 monasterii
1598 889 1703 962 Vallis
1715 893 1838 966 Sancte
1852 893 1982 984 Crucis,

574 1011 787 1105 presentium
812 1013 1013 1087 auctoritate
1037 1016 1151 1088 locum
1176 1015 1291 1110 ipsum
1316 1023 1351 1086 et
1376 1033 1539 1108 personas
1562 1033 1641 1084 oum
1664 1015 1826 1087 omnibus
1852 1039 1923 1111 que
1949 1017 1985 1088 in

573 1135 825 1228 presentiarum
838 1136 1015 1230 possident
1033 1140 1145 1212 autin
1162 1139 1315 1210 loturum
1332 1137 1434 1231 justis
1456 1137 1569 1210 modis
1586 1145 1747 1232 poterunt
1758 1137 1905 1235 adipisci
1918 1141 1984 1214 snb
2012 1195 2015 1203 ·

572 1265 723 1330 nostram
738 1265 773 1330 et
788 1258 923 1356 imperii
937 1263 1120 1356 specialem
1133 1262 1329 1356 recepimus
1350 1261 1608 1357 protectionem.
1633 1263 1669 1334 Si
1691 1285 1779 1357 quos
1793 1285 1877 1338 vero
1892 1286 1982 1337 nun·

571 1378 641 1454 cios
670 1403 733 1477 pro
753 1384 827 1455 suis
852 1386 1113 1459 necessitatibus
1137 1385 1185 1458 ad
1210 1384 1421 1478 colligendas
1445 1385 1648 1458 elemosinas
1675 1387 1711 1457 in
1734 1385 1862 1460 finibus
1885 1390 1983 1484 regni

569 1505 676 1578 nostri
692 1506 863 1598 miserint,
885 1509 951 1581 sub
966 1510 1088 1582 eadem
1100 1511 1311 1604 protectione
1322 1517 1438 1582 nostra
1448 1510 1632 1606 recipimus
1645 1520 1679 1584 et
1694 1510 1867 1585 conductu
1883 1535 1892 1601 ;
1919 1535 1982 1586 vo-

566 1629 676 1702 lentes
694 1642 734 1702 nt
752 1630 798 1704 ad
816 1633 933 1705 omnia
956 1633 1095 1726 agenda
1112 1655 1177 1708 sua
1191 1655 1370 1728 egressum
1390 1635 1537 1706 liberum
1557 1634 1706 1708 habeant
1722 1646 1757 1708 et
1770 1657 1976 1730 regressum.

565 1755 772 1828 blandamns
793 1756 911 1852 itaque
933 1758 1000 1830 snb
1018 1781 1105 1853 pena
1129 1760 1240 1852 gratie
1262 1768 1376 1832 nostre
1396 1758 1538 1832 firmiter
1560 1760 1786 1856 precipientes
1808 1769 1980 1855 quatenus

564 1878 683 1950 nullus
693 1879 740 1949 sit
750 1880 812 1973 qui
821 1878 997 1974 predictas
1007 1882 1219 1954 abbatissam
1234 1891 1269 1954 ot
1282 1893 1491 1954 conventum
1510 1883 1707 1956 monasterii
1726 1883 1883 1978 prelibati
1897 1903 1980 1979 pre-

562 2010 677 2074 sumat
693 2002 750 2074 vel
766 2003 894 2076 audeat
914 2005 1108 2078 molestare.
1130 2005 1233 2091 Quod
1256 2006 1317 2100 qui
1335 2007 1455 2078 lecerit
1471 2005 1605 2079 noverit
1629 2027 1651 2078 a
1671 2007 1860 2100 majestatis
1884 2009 1979 2101 regie

563 2127 673 2220 gretia
691 2147 729 2200 se
745 2127 939 2200 exclusum.

609 2252 735 2324 Datum
750 2252 844 2348 apud
861 2253 1084 2347 Norimberg‚
1113 2253 1205 2326 Xllll
1229 2253 1394 2327 kalendas
1413 2253 1511 2347 julii,
1537 2275 1630 2328 anno
1645 2253 1888 2326 incarnationis
1901 2256 1977 2328 Do-

559 2373 646 2447 mini
657 2375 778 2449 M⁰CC⁰
787 2377 979 2466 xxxmo,
998 2377 1187 2450 indictione
1196 2378 1281 2450 Vll.

608 2917 818 3026 Homines,
846 2919 1108 3004 Romanorum
1139 2946 1231 3029 rex,
1261 2919 1465 3004 bertholdo
1498 2916 1766 3027 Argentinensi
1798 2919 1973 3030 episcopo

555 3061 593 3134 et
614 3052 793 3135 ecclesiae
820 3051 902 3162 ejus
929 3053 1119 3162 quidquid
1137 3051 1236 3163 juris
1262 3053 1303 3134 in
1330 3062 1454 3135 oasim
1476 3052 1525 3134 de
1549 3051 1679 3132 Tanne
1696 3049 1850 3162 (Thon)
1874 3078 1973 3136 novo

554 3185 616 3268 vel
633 3185 791 3295 antiquo
809 3184 890 3293 ipse
903 3212 970 3267 rex
988 3185 1136 3289 habuit,
1158 3186 1322 3292 confert,
1342 3177 1604 3294 promittitque
1617 3184 1672 3266 eis
1690 3195 1822 3268 contra
1840 3185 1970 3293 impe-

554 3316 726 3400 titionem
744 3317 1023 3400 Ferretensium
1040 3319 1155 3401 etiam
1173 3319 1214 3400 in
1228 3318 1374 3428 judicio
1393 3345 1433 3400 se
1451 3317 1532 3400 fore
1550 3316 1810 3400 favorabilem.

636 3521 740 3597 (Edld.
754 3523 921 3598 Lennium,
936 3523 1063 3584 Histoire
1075 3520 1216 3597 canace,
1232 3529 1256 3584 t.
1272 3523 1313 3599 Il,
1328 3538 1472 3600 preuves,
1487 3538 1518 3598 p.
1536 3519 1600 3601 88.)

601 3709 785 3801 demicus,
806 3710 868 3782 Dei
887 3710 996 3806 matie
1007 3711 1237 3784 Romanorum
1255 3731 1318 3784 rex
1338 3719 1373 3782 et
1390 3729 1526 3803 semper
1544 3719 1725 3802 angustus.
1741 3705 1797 3780 Ad
1811 3707 1967 3780 notitiam

552 3834 770 3928 singolomm
787 3836 950 3908 volumus
967 3837 1148 3931 pervenire
1169 3835 1266 3930 quod
1289 3855 1354 3906 nos
1377 3832 1424 3907 ad
1441 3830 1689 3905 declarandum
1706 3832 1845 3927 plenum
1860 3833 1968 3926 gratie

552 3969 669 4032 nostre
685 3961 836 4033 favorem
852 3961 944 4034 circa
959 3961 1123 4034 dilectum
1139 3960 1330 4054 principem
1350 3965 1505 4031 nostrum
1523 3959 1562 4028 B.
1584 3956 1873 4050 Augentinensem
1894 3956 1966 4052 epi·

553 4103 695 4176 scopum
712 4093 746 4155 et
766 4106 865 4156 suam
891 4084 1090 4174 ecelesiam,
1118 4083 1327 4156 contulimus
1347 4091 1382 4154 et
1407 4081 1615 4154 donavimus
1631 4081 1664 4152 ei
1683 4089 1718 4152 et
1738 4101 1802 4152 sue
1824 4079 1967 4152 ecclesie

551 4207 720 4301 quioquid
730 4209 819 4300 juris
833 4209 868 4280 in
883 4217 994 4280 castro
1012 4207 1057 4280 de
1069 4209 1187 4280 Tanne
1198 4227 1291 4278 novo
1313 4206 1370 4279 vel
1389 4206 1531 4298 antiquo
1554 4204 1740 4277 habuimus
1765 4203 1822 4276 vel
1839 4203 1967 4276 habere

551 4330 773 4425 aliquomodo
786 4331 994 4406 videbamur
1009 4343 1044 4402 et
1067 4353 1186 4404 eorum
1200 4329 1423 4425 pertinentias
1439 4329 1631 4402 universas.
1650 4328 1707 4402 Ad
1732 4327 1797 4400 heo
1808 4327 1966 4421 promisi·

552 4475 631 4526 mus
648 4454 816 4528 adhibere
837 4455 918 4528 totis
940 4453 1123 4528 desideriis
1144 4464 1181 4526 et
1202 4454 1383 4527 conatibus
1400 4473 1542 4546 operam
1563 4453 1737 4524 efficacem
1752 4449 1848 4544 quod
1870 4449 1966 4522 idem

553 4575 782 4670 episeopnset
800 4577 1018 4650 ecclesiusna
1034 4599 1139 4674 super
1163 4578 1240 4673 ipso
1256 4585 1366 4650 castro
1385 4586 1420 4648 et
1433 4575 1506 4648 suis
1527 4575 1741 4671 pertinentiis
1761 4573 1807 4646 ab
1826 4572 1965 4668 impeti·

552 4699 646 4771 tione
659 4709 694 4771 et
710 4701 957 4798 conquestione
975 4703 1170 4776 Ferracensi
1181 4701 1229 4799 (o)
1241 4695 1507 4798 absolvanl[ur].
1521 4699 1622 4786 Quod
1634 4699 1662 4772 si
1676 4701 1760 4774 forle
1773 4699 1884 4772 facero
1895 4717 1963 4772 non

595 4873 637 4956 (o)
658 4877 776 4941 Soltleet
790 4879 924 4940 moritum
936 4878 1060 4942 chti.
