4859 6359
630 822 692 883 560
1153 822 1325 883 llENlllCl
1346 822 1516 882 suarim
1857 824 1939 902 [Asu.
1958 826 2045 891 1231.

630 958 729 1051 quod
746 958 975 1031 inhabitantes
993 957 1149 1051 ejusdam
1168 958 1236 1031 loci
1255 957 1355 1030 nobis
1371 956 1571 1031 fidelitatem
1584 961 1705 1051 jurent
1723 960 1850 1054 pariter
1864 969 1899 1031 et
1915 960 2045 1053 abbati,

628 1080 743 1174 judex
770 1082 873 1155 etiam
899 1083 1055 1156 eamdem
1083 1104 1189 1177 quarn
1217 1081 1318 1154 nobie
1344 1080 1543 1155 fidelitatem
1569 1080 1689 1154 abbati
1717 1083 1818 1156 laciet
1844 1094 2043 1159 memorato.

631 1204 842 1299 Adjicientes
854 1230 994 1301 quoque
1006 1218 1040 1281 el
1056 1230 1117 1304 per
1135 1229 1277 1303 presens
1292 1206 1458 1302 scriptum
1475 1204 1617 1279 lirmiter
1627 1206 1862 1301 promittentes
1878 1216 1917 1278 ut
1931 1209 2046 1303 ipsum

630 1330 799 1426 oppidum
818 1354 994 1425 uunquam
1012 1353 1032 1403 a
1051 1332 1151 1405 nubis
1169 1332 1225 1403 vel
1241 1330 1429 1404 heredibus
1443 1330 1567 1403 nostris
1585 1330 1777 1403 debeamus
1794 1340 1856 1403 ant
1873 1333 2046 1427 possimus

632 1453 898 1543 infamationis,
929 1454 1143 1547 collationis,
1172 1454 1382 1528 venditionis
1411 1477 1474 1528 seu
1502 1454 1721 1548 obligationis
1751 1456 1850 1529 titulo
1880 1457 2042 1530 alienare.

631 1578 820 1652 Statuimus
842 1600 983 1673 quoqne
1013 1588 1048 1653 et
1072 1578 1138 1651 sub
1166 1578 1444 1651 interminatione
1470 1579 1581 1673 gratie
1605 1588 1723 1651 nostre
1753 1576 1907 1652 districte
1930 1581 2046 1676 preci-

630 1700 745 1796 pimus
763 1710 802 1773 ut
822 1703 917 1775 nulla
938 1725 1092 1797 unquam
1111 1723 1256 1797 persona
1275 1702 1415 1777 humilis
1430 1702 1487 1773 vel
1504 1703 1591 1793 nlla,
1615 1702 1845 1775 ecclesiastica
1863 1704 1920 1777 vel
1943 1726 2044 1777 secu·

631 1824 729 1913 laris,
750 1846 838 1899 ausu
856 1824 961 1900 ducta
979 1826 1160 1901 temerario
1179 1835 1298 1899 contra
1313 1835 1465 1899 tenorem
1491 1826 1595 1917 hujus
1619 1826 1793 1921 privilegii
1808 1835 1843 1900 et
1854 1828 2042 1901 libertatem

631 1950 756 2021 lactem
780 1950 924 2024 ecclesie
950 1950 1298 2024 blorbacensivelnt
1320 1948 1577 2047 supradictum
1601 1958 1655 2021 est
1670 1949 1792 2022 venire
1816 1950 1964 2039 audeat,
1987 1952 2045 2024 vel

632 2075 821 2169 dampnum
847 2075 879 2147 ei
900 2074 936 2145 iu
966 2074 1035 2147 hiis
1062 2084 1123 2146 aut
1143 2094 1332 2169 gravamen
1355 2072 1498 2167 aliquod
1523 2072 1685 2166 irrogare.
1711 2071 1813 2158 Quod
1841 2074 1902 2167 qui
1934 2076 2045 2147 lacere

631 2198 892 2293 presumpserit,
917 2197 1188 2291 indignationem
1213 2197 1456 2293 omnipotentis
1478 2196 1540 2269 llei
1555 2204 1739 2291 nostreque
1755 2195 1969 2268 celsitudinis
1984 2198 2045 2269 ol-

631 2322 763 2393 leusam
778 2343 817 2395 se
830 2322 965 2397 noverit
983 2323 1218 2395 incursurum.

679 2448 803 2518 Actum
822 2446 918 2543 apud
936 2448 1147 2539 Hagenowe‚
1165 2467 1256 2518 anno
1268 2444 1439 2518 dominice
1455 2442 1964 2519 iucarnationisbl.CC.XXXll
1977 2443 2040 2540 (a),

633 2570 745 2665 pridie
764 2570 927 2643 kalendas
939 2571 1106 2663 januarii,
1124 2570 1311 2643 indictione
1328 2569 1462 2663 quinta.

681 2694 797 2766 Testes
820 2694 871 2765 hii
894 2704 976 2765 sunt
1001 2721 1009 2765 :
1033 2696 1072 2765 B.
1100 2695 1307 2767 venerabilis
1333 2693 1592 2787 Argentiuensis
1615 2695 1820 2790 episcopus,
1844 2694 1909 2766 Th.
1935 2694 2043 2767 abbas

631 2818 825 2907 Lutrensis,
849 2818 890 2889 Ε.
910 2818 1018 2891 abbas
1038 2818 1307 2909 Hornbareneis‚
1328 2818 1365 2890 C.
1389 2818 1465 2890 dux
1480 2816 1525 2892 de
1537 2818 1659 2909 lecke,
1675 2819 1719 2890 ll.
1741 2816 1893 2891 marchio
1911 2817 1956 2891 de
1973 2819 2044 2890 lla-

633 2942 723 3033 den,
755 2944 795 3017 ll.
825 2942 995 3039 palatinus
1022 2964 1137 3015 comes
1162 2940 1207 3016 de
1230 2944 1417 3036 'lwingem
1448 2963 1562 3014 comes
1588 2942 1781 3015 Willelmus
1806 2943 2039 3028 trutannus,

632 3088 747 3140 comes
763 3067 806 3141 Α.
827 3067 873 3141 de
888 3063 1067 3165 liausperg
1083 3068 1147 3165 (l)‚'
1168 3089 1284 3140 comes
1298 3068 1341 3138 ll.
1362 3066 1407 3140 de
1425 3068 1631 3161 Reteuberg,
1649 3087 1765 3140 comes
1782 3065 1819 3138 C.
1839 3065 1885 3139 de
1900 3066 2043 3139 Eichel-

632 3192 732 3286 berg,
750 3192 929 3265 Heinricus
946 3192 992 3265 de
1007 3192 1137 3281 Niffen,
1156 3192 1192 3263 C.
1215 3192 1380 3288 pincerna
1396 3191 1442 3264 de
1460 3189 1706 3285 Clingenberc‚
1726 3188 1907 3261 Heinricus
1923 3210 2041 3261 came-

633 3316 746 3388 rarius
759 3315 804 3389 de
822 3318 1054 3412 llarensperg,
1076 3315 1267 3411 liupoldus
1281 3315 1326 3387 de
1340 3314 1558 3402 Grindelacb,
1578 3312 1689 3386 etalii
1706 3314 1942 3409 quamplures.

1032 3802 1146 3863 llblNO
1173 3800 1272 3865 1282
1287 3832 1330 3849 -
1349 3797 1591 3861 lllllld'l'lollb
1614 3798 1646 3861 5.
1798 3822 1803 3831 ¹

1217 4055 1457 4080 —o—

443 4284 571 4391 ὦ,
684 4278 887 4385 Esuriens,
906 4276 1167 4361 Romanorum
1197 4300 1285 4381 rex,
1303 4271 1546 4355 donationem
1581 4293 1700 4381 quam
1734 4276 1841 4376 pater
1876 4291 1970 4349 suus
2004 4278 2043 4349 et

446 4369 583 4447 ΗΜ
631 4412 712 4524 ipse
733 4414 904 4497 lecerunt
924 4408 1104 4521 hospitali
1132 4408 1292 4491 Sanctae
1312 4406 1452 4491 Mariae
1477 4402 1798 4487 Tbeutcnicorum
1819 4398 2042 4482 deecclesia

631 4546 782 4655 Kunitz,
802 4545 928 4628 denuo
945 4542 1160 4644 confirmat,
1178 4538 1507 4623 nonobstantibus
1523 4535 1658 4619 litteris
1667 4559 1736 4644 per
1752 4533 1926 4642 iniquam
1938 4558 2041 4642 sug-

630 4679 839 4793 gestionem
858 4705 881 4761 a
899 4704 939 4761 se
957 4676 1121 4761 obtentis
1142 4674 1202 4759 vel
1224 4698 1323 4784 quae
1339 4673 1380 4754 in
1398 4679 1593 4781 posterum
1610 4667 1753 4752 fuerint
1769 4664 1958 4750 obtentae.

671 4867 714 4950 (c)
734 4866 820 4930 Unda
835 4867 926 4945 llquet
939 4866 1087 4926 notarium
1097 4878 1176 4924 anne
1188 4863 1354 4924 nativitatls
1365 4876 1455 4922 nsum
1465 4859 1568 4922 luteae.

670 4972 710 5055 (b)
733 4973 802 5036 Slus
813 4969 905 5033 dublo
917 4965 1054 5031 aderas
1067 4964 1102 5027 de
1116 4963 1280 5047 Habrburp.
