4859 6359
613 783 675 846 062
1135 782 1310 846 adnatet
1336 783 1505 846 SEPTiiss
1843 787 1926 865 [mr.
1945 787 2031 850 12³4

621 927 754 992 motam
769 915 953 1012 superhoc
976 916 1106 997 iaciens
1121 916 1218 1012 qnod
1239 915 1395 993 studium
1415 928 1515 992 tunm
1539 917 1687 1012 proinde
1709 919 1831 994 merito
1854 941 2035 995 commen·

616 1043 754 1117 demus.
770 1043 839 1115 Vos
856 1042 966 1120 eciam
980 1042 1075 1116 cives
1092 1042 1155 1136 qui
1168 1043 1262 1120 scitis
1277 1039 1414 1138 aliquos
1427 1043 1464 1116 in
1475 1043 1612 1116 occulto
1622 1042 1715 1116 bona
1727 1043 1851 1118 eadem
1864 1044 2031 1140 detinere,

618 1189 664 1242 ne
681 1167 788 1260 ¹culpe
811 1167 886 1238 sitis
913 1165 1095 1261 participes
1110 1166 1330 1252 eorumdem,
1360 1168 1507 1241 sculteto
1532 1167 1775 1261 manifestatio,
1809 1169 1981 1243 auxilium
2000 1179 2036 1244 et

618 1291 800 1363 consitium
822 1289 996 1384 prestituri
1018 1289 1132 1363 eidem
1161 1299 1202 1361 ut
1221 1299 1467 1386 recuperantur
1484 1291 1638 1386 plenarie
1660 1291 1752 1364 bona
1772 1292 1865 1387 ipsa,
1893 1295 1986 1368 sicut
1999 1305 2035 1368 et

617 1415 770 1489 divinam
785 1423 820 1487 et
834 1422 985 1486 nostram
999 1413 1151 1508 graciam
1169 1413 1433 1509 promereamini
1448 1435 1495 1490 cx
1508 1415 1576 1488 hoc
1593 1416 1683 1512 ipso.

666 1542 790 1615 Datum
802 1538 898 1636 apud
909 1537 1113 1631 Aldenburg
1126 1536 1195 1634 (t),
1216 1539 1245 1610 11
1260 1537 1428 1614 kalendas
1439 1539 1538 1632 julii,
1559 1539 1749 1614 indictione
1766 1541 1925 1636 septima.

832 1871 1219 1882 manu-
1222 1872 1605 1882 “U-m
1610 1874 1661 1882 -—-
1668 1875 1819 1887 ...ω-..-

438 2251 453 2284 ‚
485 2199 547 2284 υς.
670 2167 875 2273 Henricus,
894 2167 1156 2251 Romanorum
1183 2192 1269 2276 rex,
1294 2177 1430 2249 notum
1449 2166 1540 2249 facit
1562 2168 1687 2276 quod,
1707 2193 1796 2251 cum
1813 2180 1921 2279 pater
1940 2198 2033 2256 suus

615 2304 822 2412 imperator
843 2300 1032 2383 civitatem
1048 2300 1266 2386 Northusen
1293 2299 1454 2409 imperio
1473 2301 1631 2383 duxerit
1657 2301 1911 2413 retinendam,
1932 2331 2032 2414 pro-

616 2437 736 2518 misso
764 2433 945 2518 ecciesiae
975 2433 1225 2519 Northosensi
1253 2433 1480 2542 competenti
1497 2419 1690 2541 restauro,
1714 2435 1795 2544 ipse
1817 2436 1858 2517 in
1884 2445 2033 2548 partem

616 2569 778 2653 rostanni
796 2568 955 2651 tradidit
967 2577 1005 2650 et
1025 2567 1181 2653 donarit
1201 2569 1275 2677 ipsi
1293 2568 1474 2651 ecclesiae
1487 2567 1552 2678 jus
1569 2577 1794 2678 patronatus
1811 2571 2033 2682 parrochiae

616 2704 743 2787 Sancti
760 2701 891 2786 Blasii.
1481 2776 1485 2788 ,
1955 2747 1958 2752 ·

697 2931 833 3010 (Edider.
853 2930 1029 3005 Amana,
1047 2924 1163 3009 Sylloqc
1183 2927 1333 3004 anecdot,
1353 2945 1385 3006 p.
1407 2937 1484 3004 299,
1505 2928 1773 3005 ottomanus,
1797 2927 1957 2992 curtato
1977 2948 2032 2992 oorr

735 3033 918 3110 radam,
935 3045 965 3097 2·
978 3053 1059 3116 pars,
1072 3053 1103 3114 p.
1120 3045 1195 3112 t·t;
1211 3037 1299 3098 ambo
1311 3041 1413 3098 tamen
1425 3037 1523 3097 minus
1535 3036 1673 3116 integre)

666 3239 702 3308 ln
719 3219 860 3307 nomine
880 3243 997 3306 sancte
1012 3243 1047 3306 et
1062 3233 1246 3306 individue
1259 3233 1447 3305 Trinitatis.
1467 3233 1653 3324 demicus,
1671 3231 1793 3306 divina
1808 3233 1947 3306 favente
1964 3235 2032 3308 cic·

617 3361 746 3433 mentia
761 3359 991 3430 Romanorum
1004 3380 1068 3464 rex
1079 3367 1114 3429 et
1124 3379 1262 3453 semper
1275 3368 1456 3452 augustus.
1472 3358 1566 3429 Licet
1583 3357 1693 3429 simus
1704 3357 1866 3430 omnibus
1879 3359 2032 3432 ecclesiis

618 3488 655 3556 in
667 3483 814 3556 Domino
831 3481 1004 3554 debitores
1029 3491 1067 3552 ut
1093 3503 1213 3554 corum
1238 3483 1448 3578 profectibus
1470 3481 1644 3555 desideria
1670 3490 1786 3554 nostra
1803 3493 2027 3573 concurrant,

619 3632 677 3682 eas
692 3617 805 3679 tamen
819 3626 890 3699 que
901 3604 1103 3678 immediate
1120 3604 1222 3677 nobis
1237 3616 1271 3678 et
1284 3607 1429 3704 imperio
1445 3607 1618 3702 pertinere
1630 3617 1840 3700 noscuntur,
1866 3609 2032 3704 prosequi

616 3733 779 3805 volumus
792 3729 902 3822 gratia
919 3729 1074 3824 speciali.
1088 3725 1144 3801 Ad
1162 3727 1318 3801 notitiam
1336 3730 1442 3822 igitur
1455 3729 1669 3823 singulorum
1686 3732 1853 3826 presentis
1869 3733 2034 3828 temporis

618 3866 652 3929 et
668 3855 775 3927 futuri
790 3853 951 3926 volumus
963 3854 1145 3950 pervenire
1159 3853 1255 3948 quod
1275 3875 1354 3925 cum
1373 3854 1611 3927 serenissimus
1629 3863 1728 3952 pater
1743 3865 1859 3928 noster
1871 3856 2035 3929 dominns

615 3981 801 4075 imperator
819 3977 901 4048 otim
922 3977 959 4048 in
975 3977 1260 4050 transmutatione
1286 3986 1321 4049 et
1340 3977 1580 4054 reformatione
1600 3979 1843 4053 Northusensie
1867 3980 2029 4072 ecclesie,

616 4101 789 4176 civitatem
804 4101 999 4175 Northusen
1015 4123 1085 4196 que
1102 4123 1183 4174 cum
1198 4099 1360 4173 omnibus
1376 4100 1514 4192 juribus
1534 4103 1606 4176 suis
1630 4114 1665 4176 et
1685 4103 1899 4199 pertinentiis
1917 4103 2032 4178 eidem

652 4442 687 4516 (t)
704 4440 782 4512 Quod
796 4439 849 4498 hoc
863 4444 985 4512 tempore
996 4437 1098 4494 ornam
1110 4435 1182 4511 apud
1194 4435 1401 4510 Altenburgrex
1414 4435 1550 4508 habuerit,
1566 4441 1680 4494 testatur
1690 4434 1819 4495 chronic.
1835 4435 1971 4510 Erptord.
1984 4451 2028 4508 ap.

615 4542 763 4609 Boenasa,
777 4537 883 4610 Fontes,
900 4543 921 4593 t.
940 4536 973 4606 ΙΙ,
992 4551 1021 4608 p.
1038 4538 1100 4590 393.
1112 4553 1126 4588 r
1139 4533 1212 4603 Quos
1230 4534 1313 4591 etiam
1326 4534 1435 4608 (scilicet
1446 4533 1656 4608 Erphordeneee)
1671 4550 1719 4590 rex
1732 4534 1854 4608 proxima
1868 4533 1943 4592 ouria
1959 4533 2031 4590 circa

614 4639 713 4695 testum
730 4635 846 4694 Udatrici
860 4635 887 4708 (t
898 4632 967 4708 julii)
979 4633 1008 4688 in
1020 4632 1174 4689 didenburc
1185 4631 1294 4704 habita,
1308 4647 1357 4690 suo
1371 4631 1462 4691 banno
1475 4647 1508 4689 ac
1524 4633 1614 4705 regiae
1631 4631 1819 4706 proscriptioni
1838 4630 2031 4689 renuntiantur

615 4733 793 4805 iracunda»
809 4738 921 4807 propter
938 4730 1101 4790 discordiam
1112 4730 1183 4787 inter
1202 4727 1277 4787 cives
1286 4729 1353 4787 tetes
1371 4729 1646 4804 starchiepisccpum
1660 4729 1860 4803 moguntinum,
1876 4743 1970 4786 eorum
1980 4729 2031 4786 do-

615 4832 732 4903 minum,
750 4836 883 4890 exortam
899 4830 951 4900 Qut
963 4829 1073 4903 quidem
1087 4827 1158 4885 adio
1169 4829 1205 4884 tt
1220 4825 1410 4901 aprilisosque
1425 4827 1459 4884 ad
1473 4831 1507 4884 ³0
1521 4828 1582 4901 julii
1598 4827 1696 4886 diune
1706 4831 1866 4898 caruernut3
1882 4827 1930 4885 sed
1950 4827 2030 4885 satis·

617 4929 732 4987 factione
748 4929 856 4988 tandem
873 4926 1075 5001 archiepiscopo
1087 4925 1226 5000 praestita,
1236 4925 1327 4982 divina
1340 4925 1440 4984 ibidem
1452 4931 1590 5001 resumpta
1599 4931 1671 4984 sunt.
