<?xml version="1.0" encoding="UTF-8"?>
<!DOCTYPE html PUBLIC "-//W3C//DTD XHTML 1.0 Transitional//EN"
    "http://www.w3.org/TR/xhtml1/DTD/xhtml1-transitional.dtd">
<html xmlns="http://www.w3.org/1999/xhtml" xml:lang="en" lang="en">
 <head>
  <title>
</title>
<meta http-equiv="Content-Type" content="text/html;charset=utf-8" />
  <meta name='ocr-system' content='tesseract 3.04.00' />
  <meta name='ocr-capabilities' content='ocr_page ocr_carea ocr_par ocr_line ocrx_word'/>
</head>
<body>
  <div class='ocr_page' id='page_1' title='image "./historiadiploma05fredgoog_0319.png"; bbox 0 0 4859 6359; ppageno 0'>
   <div class='ocr_carea' id='block_1_1' title="bbox 434 802 1840 906">
    <p class='ocr_par' dir='ltr' id='par_1_1' title="bbox 434 802 1840 906">
     <span class='ocr_line' id='line_1_1' title="bbox 434 802 1840 906; baseline -0.018 -15"><span class='ocrx_word' id='word_1_1' title='bbox 434 832 535 891; x_wconf 72' lang='lat' dir='ltr'><strong>mter.</strong></span> <span class='ocrx_word' id='word_1_2' title='bbox 551 822 594 906; x_wconf 85' lang='grc'><strong>9.]</strong></span> <span class='ocrx_word' id='word_1_3' title='bbox 882 817 1078 880; x_wconf 73' lang='lat' dir='ltr'>HISTORIA</span> <span class='ocrx_word' id='word_1_4' title='bbox 1105 810 1400 879; x_wconf 66' lang='lat' dir='ltr'><strong>olebotttlulcu.</strong></span> <span class='ocrx_word' id='word_1_5' title='bbox 1783 802 1840 867; x_wconf 82' lang='lat'><strong>861</strong></span> 
     </span>
    </p>
   </div>
   <div class='ocr_carea' id='block_1_2' title="bbox 433 939 1842 1783">
    <p class='ocr_par' dir='ltr' id='par_1_2' title="bbox 433 939 1842 1543">
     <span class='ocr_line' id='line_1_2' title="bbox 434 939 1841 1054; baseline -0.016 -23"><span class='ocrx_word' id='word_1_6' title='bbox 434 958 603 1054; x_wconf 85' lang='lat' dir='ltr'><strong>paginam</strong></span> <span class='ocrx_word' id='word_1_7' title='bbox 616 975 704 1028; x_wconf 90' lang='lat' dir='ltr'><strong>ausu</strong></span> <span class='ocrx_word' id='word_1_8' title='bbox 728 951 910 1026; x_wconf 88' lang='lat' dir='ltr'><strong>temerario</strong></span> <span class='ocrx_word' id='word_1_9' title='bbox 932 952 968 1022; x_wconf 95' lang='lat' dir='ltr'><strong>in</strong></span> <span class='ocrx_word' id='word_1_10' title='bbox 989 953 1106 1047; x_wconf 88' lang='lat' dir='ltr'><strong>aliquo</strong></span> <span class='ocrx_word' id='word_1_11' title='bbox 1128 952 1324 1034; x_wconf 74' lang='lat' dir='ltr'>molestare,</span> <span class='ocrx_word' id='word_1_12' title='bbox 1345 939 1500 1017; x_wconf 88' lang='lat' dir='ltr'><strong>indebite</strong></span> <span class='ocrx_word' id='word_1_13' title='bbox 1517 939 1684 1036; x_wconf 85' lang='lat' dir='ltr'><strong>impedire</strong></span> <span class='ocrx_word' id='word_1_14' title='bbox 1701 939 1759 1013; x_wconf 91' lang='lat' dir='ltr'><strong>vel</strong></span> <span class='ocrx_word' id='word_1_15' title='bbox 1780 940 1841 1009; x_wconf 93' lang='lat' dir='ltr'><strong>in-</strong></span> 
     </span>
     <span class='ocr_line' id='line_1_3' title="bbox 433 1064 1839 1175; baseline -0.014 -21"><span class='ocrx_word' id='word_1_16' title='bbox 433 1081 588 1175; x_wconf 90' lang='lat' dir='ltr'><strong>quietare</strong></span> <span class='ocrx_word' id='word_1_17' title='bbox 618 1084 809 1172; x_wconf 89' lang='lat' dir='ltr'><strong>presumat;</strong></span> <span class='ocrx_word' id='word_1_18' title='bbox 840 1073 936 1168; x_wconf 89' lang='lat' dir='ltr'><strong>quod</strong></span> <span class='ocrx_word' id='word_1_19' title='bbox 969 1078 1031 1168; x_wconf 89' lang='lat' dir='ltr'><strong>qui</strong></span> <span class='ocrx_word' id='word_1_20' title='bbox 1071 1072 1336 1170; x_wconf 79' lang='lat' dir='ltr'>presumpserit,</span> <span class='ocrx_word' id='word_1_21' title='bbox 1369 1066 1639 1161; x_wconf 81' lang='lat' dir='ltr'><strong>indignationem</strong></span> <span class='ocrx_word' id='word_1_22' title='bbox 1678 1064 1839 1137; x_wconf 91' lang='lat' dir='ltr'><strong>culminis</strong></span> 
     </span>
     <span class='ocr_line' id='line_1_4' title="bbox 436 1190 1841 1289; baseline -0.014 -13"><span class='ocrx_word' id='word_1_23' title='bbox 436 1204 543 1276; x_wconf 90' lang='lat' dir='ltr'><strong>nostri</strong></span> <span class='ocrx_word' id='word_1_24' title='bbox 569 1222 609 1274; x_wconf 89' lang='lat' dir='ltr'><strong>se</strong></span> <span class='ocrx_word' id='word_1_25' title='bbox 633 1200 768 1273; x_wconf 90' lang='lat' dir='ltr'><strong>neverit</strong></span> <span class='ocrx_word' id='word_1_26' title='bbox 794 1197 1024 1270; x_wconf 84' lang='lat' dir='ltr'><strong>incursurum.</strong></span> <span class='ocrx_word' id='word_1_27' title='bbox 1051 1196 1106 1270; x_wconf 82' lang='lat' dir='ltr'><strong>tid</strong></span> <span class='ocrx_word' id='word_1_28' title='bbox 1130 1197 1237 1289; x_wconf 90' lang='lat' dir='ltr'><strong>bujus</strong></span> <span class='ocrx_word' id='word_1_29' title='bbox 1262 1204 1377 1267; x_wconf 86' lang='lat' dir='ltr'><strong>autem</strong></span> <span class='ocrx_word' id='word_1_30' title='bbox 1402 1192 1452 1264; x_wconf 92' lang='lat' dir='ltr'><strong>rei</strong></span> <span class='ocrx_word' id='word_1_31' title='bbox 1475 1190 1671 1263; x_wconf 84' lang='lat' dir='ltr'><strong>memoriam</strong></span> <span class='ocrx_word' id='word_1_32' title='bbox 1699 1197 1735 1260; x_wconf 91' lang='lat' dir='ltr'><strong>et</strong></span> <span class='ocrx_word' id='word_1_33' title='bbox 1759 1208 1841 1283; x_wconf 91' lang='lat' dir='ltr'><strong>per-</strong></span> 
     </span>
     <span class='ocr_line' id='line_1_5' title="bbox 435 1310 1842 1423; baseline -0.012 -25"><span class='ocrx_word' id='word_1_34' title='bbox 435 1335 575 1423; x_wconf 87' lang='lat' dir='ltr'><strong>petuam</strong></span> <span class='ocrx_word' id='word_1_35' title='bbox 595 1322 812 1413; x_wconf 79' lang='lat' dir='ltr'><strong>firmitatem,</strong></span> <span class='ocrx_word' id='word_1_36' title='bbox 830 1343 971 1416; x_wconf 86' lang='lat' dir='ltr'><strong>presens</strong></span> <span class='ocrx_word' id='word_1_37' title='bbox 987 1320 1151 1416; x_wconf 91' lang='lat' dir='ltr'><strong>scriptum</strong></span> <span class='ocrx_word' id='word_1_38' title='bbox 1177 1318 1253 1391; x_wconf 85' lang='lat' dir='ltr'><strong>fieri</strong></span> <span class='ocrx_word' id='word_1_39' title='bbox 1267 1317 1435 1411; x_wconf 90' lang='lat' dir='ltr'><strong>jussimus</strong></span> <span class='ocrx_word' id='word_1_40' title='bbox 1459 1313 1643 1406; x_wconf 87' lang='lat' dir='ltr'><strong>majestatis</strong></span> <span class='ocrx_word' id='word_1_41' title='bbox 1661 1320 1775 1384; x_wconf 93' lang='lat' dir='ltr'><strong>nostre</strong></span> <span class='ocrx_word' id='word_1_42' title='bbox 1790 1310 1842 1382; x_wconf 90' lang='lat' dir='ltr'><strong>si-</strong></span> 
     </span>
     <span class='ocr_line' id='line_1_6' title="bbox 435 1446 1620 1543; baseline -0.014 -24"><span class='ocrx_word' id='word_1_43' title='bbox 435 1448 519 1543; x_wconf 89' lang='lat' dir='ltr'><strong>gillo</strong></span> <span class='ocrx_word' id='word_1_44' title='bbox 537 1446 722 1518; x_wconf 89' lang='lat' dir='ltr'><strong>munitum.</strong></span> <span class='ocrx_word' id='word_1_45' title='bbox 1618 1488 1620 1491; x_wconf 89' lang='lat'>.</span> 
     </span>
    </p>

    <p class='ocr_par' dir='ltr' id='par_1_3' title="bbox 438 1559 1836 1783">
     <span class='ocr_line' id='line_1_7' title="bbox 483 1559 1836 1663; baseline -0.008 -22"><span class='ocrx_word' id='word_1_46' title='bbox 483 1572 611 1642; x_wconf 87' lang='lat' dir='ltr'><strong>Datum</strong></span> <span class='ocrx_word' id='word_1_47' title='bbox 644 1566 742 1663; x_wconf 88' lang='lat' dir='ltr'><strong>apud</strong></span> <span class='ocrx_word' id='word_1_48' title='bbox 768 1566 977 1657; x_wconf 83' lang='lat' dir='ltr'><strong>Wisehade,</strong></span> <span class='ocrx_word' id='word_1_49' title='bbox 1004 1587 1095 1638; x_wconf 90' lang='lat' dir='ltr'><strong>anuo</strong></span> <span class='ocrx_word' id='word_1_50' title='bbox 1125 1565 1297 1638; x_wconf 90' lang='lat' dir='ltr'><strong>dominice</strong></span> <span class='ocrx_word' id='word_1_51' title='bbox 1325 1560 1567 1635; x_wconf 83' lang='lat' dir='ltr'><strong>incarnationis</strong></span> <span class='ocrx_word' id='word_1_52' title='bbox 1597 1559 1836 1647; x_wconf 74' lang='lat' dir='ltr'><strong>dccxxxvi,</strong></span> 
     </span>
     <span class='ocr_line' id='line_1_8' title="bbox 438 1689 1020 1783; baseline -0.007 -18"><span class='ocrx_word' id='word_1_53' title='bbox 438 1714 557 1768; x_wconf 87' lang='lat' dir='ltr'><strong>mense</strong></span> <span class='ocrx_word' id='word_1_54' title='bbox 576 1692 683 1783; x_wconf 90' lang='lat' dir='ltr'><strong>maio,</strong></span> <span class='ocrx_word' id='word_1_55' title='bbox 704 1711 795 1763; x_wconf 92' lang='lat' dir='ltr'><strong>none</strong></span> <span class='ocrx_word' id='word_1_56' title='bbox 811 1689 1020 1762; x_wconf 88' lang='lat' dir='ltr'><strong>indictionis.</strong></span> 
     </span>
    </p>
   </div>
   <div class='ocr_carea' id='block_1_3' title="bbox 438 2272 2036 2648">
    <p class='ocr_par' dir='ltr' id='par_1_4' title="bbox 438 2272 2036 2648">
     <span class='ocr_line' id='line_1_9' title="bbox 492 2272 2036 2395; baseline 0 -42"><span class='ocrx_word' id='word_1_57' title='bbox 492 2272 726 2378; x_wconf 83' lang='lat' dir='ltr'><strong>Fridericus‚</strong></span> <span class='ocrx_word' id='word_1_58' title='bbox 755 2274 1015 2356; x_wconf 83' lang='lat' dir='ltr'><strong>Romanorum</strong></span> <span class='ocrx_word' id='word_1_59' title='bbox 1047 2275 1270 2382; x_wconf 78' lang='lat' dir='ltr'><strong>imperator,</strong></span> <span class='ocrx_word' id='word_1_60' title='bbox 1301 2273 1525 2383; x_wconf 84' lang='lat' dir='ltr'><strong>magistram</strong></span> <span class='ocrx_word' id='word_1_61' title='bbox 1551 2280 1588 2354; x_wconf 89' lang='lat' dir='ltr'><strong>et</strong></span> <span class='ocrx_word' id='word_1_62' title='bbox 1618 2280 1843 2357; x_wconf 87' lang='lat' dir='ltr'><strong>conventum</strong></span> <span class='ocrx_word' id='word_1_63' title='bbox 1877 2286 2036 2395; x_wconf 42' lang='lat' dir='ltr'><strong>„ggfflm&#39;</strong></span> 
     </span>
     <span class='ocr_line' id='line_1_10' title="bbox 438 2403 1843 2517; baseline -0.001 -28"><span class='ocrx_word' id='word_1_64' title='bbox 438 2405 658 2489; x_wconf 85' lang='lat' dir='ltr'><strong>monasterii</strong></span> <span class='ocrx_word' id='word_1_65' title='bbox 676 2403 884 2488; x_wconf 85' lang='lat' dir='ltr'><strong>Fiissenicb</strong></span> <span class='ocrx_word' id='word_1_66' title='bbox 903 2404 1031 2514; x_wconf 85' lang='lat' dir='ltr'><strong>(juxta</strong></span> <span class='ocrx_word' id='word_1_67' title='bbox 1048 2404 1229 2517; x_wconf 85' lang='lat' dir='ltr'><strong>Zidpich)</strong></span> <span class='ocrx_word' id='word_1_68' title='bbox 1248 2432 1337 2489; x_wconf 91' lang='lat' dir='ltr'><strong>cum</strong></span> <span class='ocrx_word' id='word_1_69' title='bbox 1364 2406 1543 2490; x_wconf 90' lang='lat' dir='ltr'><strong>omnibus</strong></span> <span class='ocrx_word' id='word_1_70' title='bbox 1573 2431 1706 2490; x_wconf 88' lang='lat' dir='ltr'><strong>earum</strong></span> <span class='ocrx_word' id='word_1_71' title='bbox 1733 2406 1843 2509; x_wconf 90' lang='lat' dir='ltr'><strong>benis</strong></span> 
     </span>
     <span class='ocr_line' id='line_1_11' title="bbox 439 2538 1232 2648; baseline -0.004 -25"><span class='ocrx_word' id='word_1_72' title='bbox 439 2538 512 2623; x_wconf 88' lang='lat' dir='ltr'><strong>sub</strong></span> <span class='ocrx_word' id='word_1_73' title='bbox 530 2548 657 2627; x_wconf 85' lang='lat' dir='ltr'><strong>suaet</strong></span> <span class='ocrx_word' id='word_1_74' title='bbox 671 2539 822 2646; x_wconf 89' lang='lat' dir='ltr'><strong>imperii</strong></span> <span class='ocrx_word' id='word_1_75' title='bbox 840 2538 1070 2646; x_wconf 87' lang='lat' dir='ltr'><strong>protectione</strong></span> <span class='ocrx_word' id='word_1_76' title='bbox 1088 2540 1232 2648; x_wconf 87' lang='lat' dir='ltr'><strong>recipit.</strong></span> 
     </span>
    </p>
   </div>
   <div class='ocr_carea' id='block_1_4' title="bbox 1925 2394 1993 2437">
    <p class='ocr_par' dir='ltr' id='par_1_5' title="bbox 1925 2394 1993 2437">
     <span class='ocr_line' id='line_1_12' title="bbox 1925 2394 1993 2437; baseline -0.015 0"><span class='ocrx_word' id='word_1_77' title='bbox 1925 2394 1993 2437; x_wconf 74' lang='lat' dir='ltr'><strong>male.</strong></span> 
     </span>
    </p>
   </div>
   <div class='ocr_carea' id='block_1_5' title="bbox 521 2749 1440 2831">
    <p class='ocr_par' dir='ltr' id='par_1_6' title="bbox 521 2749 1440 2831">
     <span class='ocr_line' id='line_1_13' title="bbox 521 2749 1440 2831; baseline 0 -18"><span class='ocrx_word' id='word_1_78' title='bbox 521 2752 622 2831; x_wconf 82' lang='lat' dir='ltr'><strong>(Edid.</strong></span> <span class='ocrx_word' id='word_1_79' title='bbox 637 2752 740 2827; x_wconf 86' lang='lat' dir='ltr'><strong>Hueo,</strong></span> <span class='ocrx_word' id='word_1_80' title='bbox 755 2749 864 2813; x_wconf 74' lang='lat' dir='ltr'><strong>assat</strong></span> <span class='ocrx_word' id='word_1_81' title='bbox 879 2753 1070 2826; x_wconf 61' lang='lat' dir='ltr'><strong>Premente,</strong></span> <span class='ocrx_word' id='word_1_82' title='bbox 1083 2758 1107 2813; x_wconf 91' lang='lat' dir='ltr'><strong>t.</strong></span> <span class='ocrx_word' id='word_1_83' title='bbox 1122 2754 1153 2826; x_wconf 90' lang='lat' dir='ltr'><strong>l,</strong></span> <span class='ocrx_word' id='word_1_84' title='bbox 1167 2750 1297 2831; x_wconf 84' lang='lat' dir='ltr'><strong>probat,</strong></span> <span class='ocrx_word' id='word_1_85' title='bbox 1313 2770 1342 2829; x_wconf 90' lang='lat' dir='ltr'><strong>p.</strong></span> <span class='ocrx_word' id='word_1_86' title='bbox 1360 2750 1440 2829; x_wconf 77' lang='lat'>⁵72.)</span> 
     </span>
    </p>
   </div>
   <div class='ocr_carea' id='block_1_6' title="bbox 440 2938 1902 5011">
    <p class='ocr_par' dir='ltr' id='par_1_7' title="bbox 440 2938 1902 5011">
     <span class='ocr_line' id='line_1_14' title="bbox 488 2938 1843 3033; baseline 0.004 -24"><span class='ocrx_word' id='word_1_87' title='bbox 488 2938 700 3027; x_wconf 85' lang='lat' dir='ltr'><strong>Fridericus,</strong></span> <span class='ocrx_word' id='word_1_88' title='bbox 721 2939 783 3010; x_wconf 87' lang='lat' dir='ltr'><strong>Dei</strong></span> <span class='ocrx_word' id='word_1_89' title='bbox 805 2939 913 3031; x_wconf 90' lang='lat' dir='ltr'><strong>gratia</strong></span> <span class='ocrx_word' id='word_1_90' title='bbox 928 2940 1160 3011; x_wconf 82' lang='lat' dir='ltr'><strong>Romanorum</strong></span> <span class='ocrx_word' id='word_1_91' title='bbox 1175 2939 1362 3033; x_wconf 87' lang='lat' dir='ltr'><strong>imperator</strong></span> <span class='ocrx_word' id='word_1_92' title='bbox 1376 2960 1514 3033; x_wconf 91' lang='lat' dir='ltr'><strong>semper</strong></span> <span class='ocrx_word' id='word_1_93' title='bbox 1532 2951 1720 3033; x_wconf 87' lang='lat' dir='ltr'><strong>augustus,</strong></span> <span class='ocrx_word' id='word_1_94' title='bbox 1741 2944 1843 3014; x_wconf 83' lang='lat' dir='ltr'><strong>Jeru-</strong></span> 
     </span>
     <span class='ocr_line' id='line_1_15' title="bbox 440 3060 1843 3155; baseline 0.003 -22"><span class='ocrx_word' id='word_1_95' title='bbox 440 3062 544 3133; x_wconf 89' lang='lat' dir='ltr'><strong>salem</strong></span> <span class='ocrx_word' id='word_1_96' title='bbox 561 3072 597 3131; x_wconf 91' lang='lat' dir='ltr'><strong>et</strong></span> <span class='ocrx_word' id='word_1_97' title='bbox 613 3062 730 3134; x_wconf 90' lang='lat' dir='ltr'><strong>Sicilie</strong></span> <span class='ocrx_word' id='word_1_98' title='bbox 746 3083 823 3134; x_wconf 80' lang='lat' dir='ltr'><strong>rex.</strong></span> <span class='ocrx_word' id='word_1_99' title='bbox 841 3062 907 3133; x_wconf 93' lang='lat' dir='ltr'><strong>Per</strong></span> <span class='ocrx_word' id='word_1_100' title='bbox 928 3082 1068 3155; x_wconf 80' lang='lat' dir='ltr'><strong>presens</strong></span> <span class='ocrx_word' id='word_1_101' title='bbox 1087 3062 1254 3155; x_wconf 90' lang='lat' dir='ltr'><strong>scriptum</strong></span> <span class='ocrx_word' id='word_1_102' title='bbox 1269 3072 1388 3133; x_wconf 93' lang='lat' dir='ltr'><strong>notum</strong></span> <span class='ocrx_word' id='word_1_103' title='bbox 1404 3060 1478 3132; x_wconf 91' lang='lat' dir='ltr'><strong>fieri</strong></span> <span class='ocrx_word' id='word_1_104' title='bbox 1493 3062 1655 3133; x_wconf 89' lang='lat' dir='ltr'><strong>volumus</strong></span> <span class='ocrx_word' id='word_1_105' title='bbox 1673 3064 1843 3137; x_wconf 86' lang='lat' dir='ltr'><strong>universis</strong></span> 
     </span>
     <span class='ocr_line' id='line_1_16' title="bbox 440 3184 1844 3279; baseline 0.003 -22"><span class='ocrx_word' id='word_1_106' title='bbox 440 3185 601 3257; x_wconf 82' lang='lat' dir='ltr'><strong>fidelibus</strong></span> <span class='ocrx_word' id='word_1_107' title='bbox 626 3186 734 3257; x_wconf 85' lang='lat' dir='ltr'><strong>nostri</strong></span> <span class='ocrx_word' id='word_1_108' title='bbox 752 3186 886 3279; x_wconf 91' lang='lat' dir='ltr'><strong>imperii</strong></span> <span class='ocrx_word' id='word_1_109' title='bbox 911 3197 981 3257; x_wconf 88' lang='lat' dir='ltr'><strong>tam</strong></span> <span class='ocrx_word' id='word_1_110' title='bbox 1005 3186 1220 3279; x_wconf 85' lang='lat' dir='ltr'><strong>presentibus</strong></span> <span class='ocrx_word' id='word_1_111' title='bbox 1242 3207 1346 3279; x_wconf 90' lang='lat' dir='ltr'><strong>quam</strong></span> <span class='ocrx_word' id='word_1_112' title='bbox 1367 3185 1491 3256; x_wconf 79' lang='lat' dir='ltr'><strong>futuris</strong></span> <span class='ocrx_word' id='word_1_113' title='bbox 1516 3184 1611 3278; x_wconf 91' lang='lat' dir='ltr'><strong>quod</strong></span> <span class='ocrx_word' id='word_1_114' title='bbox 1630 3187 1791 3279; x_wconf 90' lang='lat' dir='ltr'><strong>magistra</strong></span> <span class='ocrx_word' id='word_1_115' title='bbox 1809 3199 1844 3261; x_wconf 91' lang='lat' dir='ltr'><strong>et</strong></span> 
     </span>
     <span class='ocr_line' id='line_1_17' title="bbox 440 3308 1844 3401; baseline 0.004 -21"><span class='ocrx_word' id='word_1_116' title='bbox 440 3320 629 3381; x_wconf 85' lang='lat' dir='ltr'><strong>conventus</strong></span> <span class='ocrx_word' id='word_1_117' title='bbox 642 3310 841 3381; x_wconf 89' lang='lat' dir='ltr'><strong>monasterii</strong></span> <span class='ocrx_word' id='word_1_118' title='bbox 856 3309 1037 3400; x_wconf 81' lang='lat' dir='ltr'><strong>Vuaenicz,</strong></span> <span class='ocrx_word' id='word_1_119' title='bbox 1055 3308 1178 3381; x_wconf 87' lang='lat' dir='ltr'><strong>fideles</strong></span> <span class='ocrx_word' id='word_1_120' title='bbox 1199 3320 1326 3400; x_wconf 88' lang='lat' dir='ltr'><strong>nostre,</strong></span> <span class='ocrx_word' id='word_1_121' title='bbox 1344 3308 1511 3401; x_wconf 86' lang='lat' dir='ltr'><strong>majestati</strong></span> <span class='ocrx_word' id='word_1_122' title='bbox 1529 3318 1644 3381; x_wconf 92' lang='lat' dir='ltr'><strong>nostre</strong></span> <span class='ocrx_word' id='word_1_123' title='bbox 1671 3310 1844 3385; x_wconf 88' lang='lat' dir='ltr'><strong>humiliter</strong></span> 
     </span>
     <span class='ocr_line' id='line_1_18' title="bbox 440 3432 1845 3527; baseline 0.004 -22"><span class='ocrx_word' id='word_1_124' title='bbox 440 3433 723 3527; x_wconf 83' lang='lat' dir='ltr'><strong>supplicaverunt</strong></span> <span class='ocrx_word' id='word_1_125' title='bbox 741 3442 781 3503; x_wconf 94' lang='lat' dir='ltr'><strong>ut</strong></span> <span class='ocrx_word' id='word_1_126' title='bbox 798 3444 867 3505; x_wconf 90' lang='lat' dir='ltr'><strong>tam</strong></span> <span class='ocrx_word' id='word_1_127' title='bbox 883 3434 977 3527; x_wconf 90' lang='lat' dir='ltr'><strong>ipsas</strong></span> <span class='ocrx_word' id='word_1_128' title='bbox 991 3455 1096 3526; x_wconf 91' lang='lat' dir='ltr'><strong>quam</strong></span> <span class='ocrx_word' id='word_1_129' title='bbox 1111 3434 1203 3505; x_wconf 91' lang='lat' dir='ltr'><strong>bona</strong></span> <span class='ocrx_word' id='word_1_130' title='bbox 1221 3433 1416 3506; x_wconf 89' lang='lat' dir='ltr'><strong>monasterii</strong></span> <span class='ocrx_word' id='word_1_131' title='bbox 1431 3432 1585 3524; x_wconf 83' lang='lat' dir='ltr'><strong>ejusdem</strong></span> <span class='ocrx_word' id='word_1_132' title='bbox 1596 3434 1663 3505; x_wconf 92' lang='lat' dir='ltr'><strong>sub</strong></span> <span class='ocrx_word' id='word_1_133' title='bbox 1678 3446 1792 3509; x_wconf 89' lang='lat' dir='ltr'><strong>nostra</strong></span> <span class='ocrx_word' id='word_1_134' title='bbox 1810 3446 1845 3510; x_wconf 88' lang='lat' dir='ltr'><strong>et</strong></span> 
     </span>
     <span class='ocr_line' id='line_1_19' title="bbox 440 3556 1902 3653; baseline 0.004 -27"><span class='ocrx_word' id='word_1_135' title='bbox 440 3556 576 3651; x_wconf 87' lang='lat' dir='ltr'><strong>imperii</strong></span> <span class='ocrx_word' id='word_1_136' title='bbox 608 3557 819 3650; x_wconf 84' lang='lat' dir='ltr'><strong>protectione</strong></span> <span class='ocrx_word' id='word_1_137' title='bbox 842 3556 888 3628; x_wconf 94' lang='lat' dir='ltr'><strong>de</strong></span> <span class='ocrx_word' id='word_1_138' title='bbox 919 3557 1028 3650; x_wconf 89' lang='lat' dir='ltr'><strong>gratia</strong></span> <span class='ocrx_word' id='word_1_139' title='bbox 1058 3566 1171 3629; x_wconf 88' lang='lat' dir='ltr'><strong>nostra</strong></span> <span class='ocrx_word' id='word_1_140' title='bbox 1200 3556 1353 3651; x_wconf 88' lang='lat' dir='ltr'><strong>recipere</strong></span> <span class='ocrx_word' id='word_1_141' title='bbox 1383 3556 1616 3649; x_wconf 87' lang='lat' dir='ltr'><strong>dignaremur.</strong></span> <span class='ocrx_word' id='word_1_142' title='bbox 1643 3558 1713 3630; x_wconf 90' lang='lat' dir='ltr'><strong>Nos</strong></span> <span class='ocrx_word' id='word_1_143' title='bbox 1740 3560 1845 3653; x_wconf 84' lang='lat' dir='ltr'><strong>igitur</strong></span> <span class='ocrx_word' id='word_1_144' title='bbox 1896 3599 1902 3611; x_wconf 93' lang='lat'><strong>·</strong></span> 
     </span>
     <span class='ocr_line' id='line_1_20' title="bbox 440 3679 1847 3777; baseline 0.006 -26"><span class='ocrx_word' id='word_1_145' title='bbox 440 3679 752 3775; x_wconf 82' lang='lat' dir='ltr'><strong>supplicationibus</strong></span> <span class='ocrx_word' id='word_1_146' title='bbox 766 3680 842 3752; x_wconf 91' lang='lat' dir='ltr'><strong>suis</strong></span> <span class='ocrx_word' id='word_1_147' title='bbox 857 3680 1007 3775; x_wconf 91' lang='lat' dir='ltr'><strong>benigne</strong></span> <span class='ocrx_word' id='word_1_148' title='bbox 1025 3689 1059 3752; x_wconf 90' lang='lat' dir='ltr'><strong>et</strong></span> <span class='ocrx_word' id='word_1_149' title='bbox 1074 3680 1307 3753; x_wconf 81' lang='lat' dir='ltr'><strong>favorabiliter</strong></span> <span class='ocrx_word' id='word_1_150' title='bbox 1323 3680 1489 3769; x_wconf 88' lang='lat' dir='ltr'><strong>inclinati,</strong></span> <span class='ocrx_word' id='word_1_151' title='bbox 1507 3680 1618 3753; x_wconf 89' lang='lat' dir='ltr'><strong>dietas</strong></span> <span class='ocrx_word' id='word_1_152' title='bbox 1635 3682 1788 3777; x_wconf 87' lang='lat' dir='ltr'><strong>virgines</strong></span> <span class='ocrx_word' id='word_1_153' title='bbox 1810 3696 1847 3763; x_wconf 89' lang='lat' dir='ltr'><strong>et</strong></span> 
     </span>
     <span class='ocr_line' id='line_1_21' title="bbox 441 3803 1844 3898; baseline 0.003 -21"><span class='ocrx_word' id='word_1_154' title='bbox 441 3814 651 3877; x_wconf 85' lang='lat' dir='ltr'><strong>conventum</strong></span> <span class='ocrx_word' id='word_1_155' title='bbox 676 3803 797 3877; x_wconf 85' lang='lat' dir='ltr'><strong>fideles</strong></span> <span class='ocrx_word' id='word_1_156' title='bbox 823 3814 957 3876; x_wconf 89' lang='lat' dir='ltr'><strong>nostras</strong></span> <span class='ocrx_word' id='word_1_157' title='bbox 981 3815 1016 3877; x_wconf 93' lang='lat' dir='ltr'><strong>et</strong></span> <span class='ocrx_word' id='word_1_158' title='bbox 1040 3805 1286 3878; x_wconf 86' lang='lat' dir='ltr'><strong>monasterium</strong></span> <span class='ocrx_word' id='word_1_159' title='bbox 1303 3803 1419 3898; x_wconf 89' lang='lat' dir='ltr'><strong>ipsum</strong></span> <span class='ocrx_word' id='word_1_160' title='bbox 1451 3826 1530 3875; x_wconf 92' lang='lat' dir='ltr'><strong>cum</strong></span> <span class='ocrx_word' id='word_1_161' title='bbox 1558 3806 1718 3878; x_wconf 91' lang='lat' dir='ltr'><strong>omnibus</strong></span> <span class='ocrx_word' id='word_1_162' title='bbox 1745 3809 1844 3881; x_wconf 87' lang='lat' dir='ltr'><strong>bonis</strong></span> 
     </span>
     <span class='ocr_line' id='line_1_22' title="bbox 440 3928 1844 4025; baseline 0.004 -25"><span class='ocrx_word' id='word_1_163' title='bbox 440 3928 514 4000; x_wconf 88' lang='lat' dir='ltr'><strong>auis</strong></span> <span class='ocrx_word' id='word_1_164' title='bbox 537 3948 607 4021; x_wconf 90' lang='lat' dir='ltr'><strong>que</strong></span> <span class='ocrx_word' id='word_1_165' title='bbox 627 3928 663 3998; x_wconf 95' lang='lat' dir='ltr'><strong>in</strong></span> <span class='ocrx_word' id='word_1_166' title='bbox 688 3929 937 4024; x_wconf 86' lang='lat' dir='ltr'><strong>presentiarum</strong></span> <span class='ocrx_word' id='word_1_167' title='bbox 959 3929 1051 4019; x_wconf 89' lang='lat' dir='ltr'><strong>juste</strong></span> <span class='ocrx_word' id='word_1_168' title='bbox 1076 3938 1170 4000; x_wconf 90' lang='lat' dir='ltr'><strong>tenet</strong></span> <span class='ocrx_word' id='word_1_169' title='bbox 1186 3939 1222 3999; x_wconf 93' lang='lat' dir='ltr'><strong>et</strong></span> <span class='ocrx_word' id='word_1_170' title='bbox 1241 3928 1394 4022; x_wconf 90' lang='lat' dir='ltr'><strong>possidet</strong></span> <span class='ocrx_word' id='word_1_171' title='bbox 1423 3937 1547 4022; x_wconf 90' lang='lat' dir='ltr'><strong>etque</strong></span> <span class='ocrx_word' id='word_1_172' title='bbox 1571 3929 1606 3999; x_wconf 95' lang='lat' dir='ltr'><strong>in</strong></span> <span class='ocrx_word' id='word_1_173' title='bbox 1627 3942 1725 4003; x_wconf 85' lang='lat' dir='ltr'><strong>antea</strong></span> <span class='ocrx_word' id='word_1_174' title='bbox 1751 3936 1844 4025; x_wconf 85' lang='lat' dir='ltr'><strong>justo</strong></span> 
     </span>
     <span class='ocr_line' id='line_1_23' title="bbox 442 4051 1845 4152; baseline 0.006 -30"><span class='ocrx_word' id='word_1_175' title='bbox 442 4052 542 4123; x_wconf 91' lang='lat' dir='ltr'><strong>titulo</strong></span> <span class='ocrx_word' id='word_1_176' title='bbox 562 4051 686 4146; x_wconf 83' lang='lat' dir='ltr'><strong>poterit</strong></span> <span class='ocrx_word' id='word_1_177' title='bbox 704 4052 868 4146; x_wconf 85' lang='lat' dir='ltr'><strong>adipisci,</strong></span> <span class='ocrx_word' id='word_1_178' title='bbox 889 4052 957 4123; x_wconf 92' lang='lat' dir='ltr'><strong>sub</strong></span> <span class='ocrx_word' id='word_1_179' title='bbox 977 4052 1187 4147; x_wconf 86' lang='lat' dir='ltr'><strong>protectione</strong></span> <span class='ocrx_word' id='word_1_180' title='bbox 1206 4062 1323 4124; x_wconf 88' lang='lat' dir='ltr'><strong>nostra</strong></span> <span class='ocrx_word' id='word_1_181' title='bbox 1344 4062 1379 4124; x_wconf 90' lang='lat' dir='ltr'><strong>et</strong></span> <span class='ocrx_word' id='word_1_182' title='bbox 1397 4052 1533 4147; x_wconf 89' lang='lat' dir='ltr'><strong>imperii</strong></span> <span class='ocrx_word' id='word_1_183' title='bbox 1554 4054 1740 4147; x_wconf 88' lang='lat' dir='ltr'><strong>recipimus</strong></span> <span class='ocrx_word' id='word_1_184' title='bbox 1762 4080 1845 4152; x_wconf 93' lang='lat' dir='ltr'><strong>spe-</strong></span> 
     </span>
     <span class='ocr_line' id='line_1_24' title="bbox 441 4175 1846 4273; baseline 0.004 -24"><span class='ocrx_word' id='word_1_185' title='bbox 441 4176 533 4249; x_wconf 91' lang='lat' dir='ltr'><strong>ciali.</strong></span> <span class='ocrx_word' id='word_1_186' title='bbox 553 4176 765 4248; x_wconf 80' lang='lat' dir='ltr'><strong>Pmssntium</strong></span> <span class='ocrx_word' id='word_1_187' title='bbox 789 4177 893 4269; x_wconf 87' lang='lat' dir='ltr'><strong>igitur</strong></span> <span class='ocrx_word' id='word_1_188' title='bbox 920 4186 1037 4249; x_wconf 88' lang='lat' dir='ltr'><strong>tenore</strong></span> <span class='ocrx_word' id='word_1_189' title='bbox 1062 4176 1268 4250; x_wconf 91' lang='lat' dir='ltr'><strong>mandamus</strong></span> <span class='ocrx_word' id='word_1_190' title='bbox 1289 4175 1431 4247; x_wconf 86' lang='lat' dir='ltr'><strong>firmiter</strong></span> <span class='ocrx_word' id='word_1_191' title='bbox 1458 4176 1652 4249; x_wconf 89' lang='lat' dir='ltr'><strong>inhibentes</strong></span> <span class='ocrx_word' id='word_1_192' title='bbox 1676 4190 1846 4273; x_wconf 85' lang='lat' dir='ltr'><strong>quatenus</strong></span> 
     </span>
     <span class='ocr_line' id='line_1_25' title="bbox 441 4298 1846 4397; baseline 0.004 -26"><span class='ocrx_word' id='word_1_193' title='bbox 441 4300 557 4372; x_wconf 92' lang='lat' dir='ltr'><strong>nullus</strong></span> <span class='ocrx_word' id='word_1_194' title='bbox 574 4303 619 4372; x_wconf 90' lang='lat' dir='ltr'><strong>sit</strong></span> <span class='ocrx_word' id='word_1_195' title='bbox 636 4301 697 4393; x_wconf 92' lang='lat' dir='ltr'><strong>qui</strong></span> <span class='ocrx_word' id='word_1_196' title='bbox 716 4301 865 4395; x_wconf 83' lang='lat' dir='ltr'><strong>prefatas</strong></span> <span class='ocrx_word' id='word_1_197' title='bbox 890 4300 1087 4394; x_wconf 82' lang='lat' dir='ltr'><strong>magistram</strong></span> <span class='ocrx_word' id='word_1_198' title='bbox 1111 4310 1146 4372; x_wconf 94' lang='lat' dir='ltr'><strong>et</strong></span> <span class='ocrx_word' id='word_1_199' title='bbox 1159 4308 1368 4371; x_wconf 89' lang='lat' dir='ltr'><strong>conventum</strong></span> <span class='ocrx_word' id='word_1_200' title='bbox 1386 4298 1506 4371; x_wconf 88' lang='lat' dir='ltr'><strong>fideles</strong></span> <span class='ocrx_word' id='word_1_201' title='bbox 1524 4308 1656 4372; x_wconf 88' lang='lat' dir='ltr'><strong>nostres</strong></span> <span class='ocrx_word' id='word_1_202' title='bbox 1671 4323 1712 4375; x_wconf 86' lang='lat' dir='ltr'><strong>ac</strong></span> <span class='ocrx_word' id='word_1_203' title='bbox 1733 4303 1846 4397; x_wconf 87' lang='lat' dir='ltr'><strong>ipsum</strong></span> 
     </span>
     <span class='ocr_line' id='line_1_26' title="bbox 441 4422 1847 4517; baseline 0.003 -22"><span class='ocrx_word' id='word_1_204' title='bbox 441 4425 688 4497; x_wconf 89' lang='lat' dir='ltr'><strong>monasterium</strong></span> <span class='ocrx_word' id='word_1_205' title='bbox 712 4435 829 4495; x_wconf 90' lang='lat' dir='ltr'><strong>contra</strong></span> <span class='ocrx_word' id='word_1_206' title='bbox 853 4423 958 4516; x_wconf 86' lang='lat' dir='ltr'><strong>hujus</strong></span> <span class='ocrx_word' id='word_1_207' title='bbox 982 4423 1199 4517; x_wconf 88' lang='lat' dir='ltr'><strong>protectionis</strong></span> <span class='ocrx_word' id='word_1_208' title='bbox 1223 4432 1337 4495; x_wconf 90' lang='lat' dir='ltr'><strong>nostre</strong></span> <span class='ocrx_word' id='word_1_209' title='bbox 1364 4422 1524 4517; x_wconf 88' lang='lat' dir='ltr'><strong>paginam</strong></span> <span class='ocrx_word' id='word_1_210' title='bbox 1553 4444 1641 4495; x_wconf 89' lang='lat' dir='ltr'><strong>ausu</strong></span> <span class='ocrx_word' id='word_1_211' title='bbox 1667 4428 1847 4499; x_wconf 87' lang='lat' dir='ltr'><strong>temerario</strong></span> 
     </span>
     <span class='ocr_line' id='line_1_27' title="bbox 441 4544 1847 4642; baseline 0.003 -23"><span class='ocrx_word' id='word_1_212' title='bbox 441 4548 479 4620; x_wconf 91' lang='lat' dir='ltr'><strong>in</strong></span> <span class='ocrx_word' id='word_1_213' title='bbox 502 4548 620 4641; x_wconf 89' lang='lat' dir='ltr'><strong>aliquo</strong></span> <span class='ocrx_word' id='word_1_214' title='bbox 645 4548 842 4634; x_wconf 88' lang='lat' dir='ltr'><strong>molestare,</strong></span> <span class='ocrx_word' id='word_1_215' title='bbox 868 4546 1022 4619; x_wconf 88' lang='lat' dir='ltr'><strong>indebite</strong></span> <span class='ocrx_word' id='word_1_216' title='bbox 1048 4544 1216 4642; x_wconf 91' lang='lat' dir='ltr'><strong>impedire</strong></span> <span class='ocrx_word' id='word_1_217' title='bbox 1241 4546 1297 4619; x_wconf 87' lang='lat' dir='ltr'><strong>vel</strong></span> <span class='ocrx_word' id='word_1_218' title='bbox 1323 4544 1513 4639; x_wconf 89' lang='lat' dir='ltr'><strong>inquietare</strong></span> <span class='ocrx_word' id='word_1_219' title='bbox 1537 4558 1719 4641; x_wconf 88' lang='lat' dir='ltr'><strong>prasumat.</strong></span> <span class='ocrx_word' id='word_1_220' title='bbox 1745 4551 1847 4635; x_wconf 87' lang='lat' dir='ltr'><strong>Quod</strong></span> 
     </span>
     <span class='ocr_line' id='line_1_28' title="bbox 440 4668 1844 4766; baseline 0.001 -23"><span class='ocrx_word' id='word_1_221' title='bbox 440 4673 501 4765; x_wconf 89' lang='lat' dir='ltr'><strong>qui</strong></span> <span class='ocrx_word' id='word_1_222' title='bbox 529 4674 773 4766; x_wconf 88' lang='lat' dir='ltr'><strong>presumpserit</strong></span> <span class='ocrx_word' id='word_1_223' title='bbox 796 4670 1070 4762; x_wconf 79' lang='lat' dir='ltr'><strong>indignationem</strong></span> <span class='ocrx_word' id='word_1_224' title='bbox 1096 4669 1254 4743; x_wconf 91' lang='lat' dir='ltr'><strong>culminis</strong></span> <span class='ocrx_word' id='word_1_225' title='bbox 1273 4668 1379 4741; x_wconf 90' lang='lat' dir='ltr'><strong>nostri</strong></span> <span class='ocrx_word' id='word_1_226' title='bbox 1405 4690 1442 4741; x_wconf 91' lang='lat' dir='ltr'><strong>se</strong></span> <span class='ocrx_word' id='word_1_227' title='bbox 1462 4671 1595 4742; x_wconf 88' lang='lat' dir='ltr'><strong>noverit</strong></span> <span class='ocrx_word' id='word_1_228' title='bbox 1611 4672 1844 4745; x_wconf 89' lang='lat' dir='ltr'><strong>incursurum.</strong></span> 
     </span>
     <span class='ocr_line' id='line_1_29' title="bbox 441 4790 1846 4893; baseline 0.004 -30"><span class='ocrx_word' id='word_1_229' title='bbox 441 4792 496 4865; x_wconf 78' lang='lat' dir='ltr'><strong>Ad</strong></span> <span class='ocrx_word' id='word_1_230' title='bbox 516 4793 621 4884; x_wconf 88' lang='lat' dir='ltr'><strong>hujus</strong></span> <span class='ocrx_word' id='word_1_231' title='bbox 640 4802 753 4865; x_wconf 90' lang='lat' dir='ltr'><strong>autem</strong></span> <span class='ocrx_word' id='word_1_232' title='bbox 773 4794 821 4867; x_wconf 90' lang='lat' dir='ltr'><strong>rei</strong></span> <span class='ocrx_word' id='word_1_233' title='bbox 842 4794 1041 4866; x_wconf 89' lang='lat' dir='ltr'><strong>memoriam</strong></span> <span class='ocrx_word' id='word_1_234' title='bbox 1059 4803 1094 4865; x_wconf 91' lang='lat' dir='ltr'><strong>et</strong></span> <span class='ocrx_word' id='word_1_235' title='bbox 1108 4800 1310 4890; x_wconf 88' lang='lat' dir='ltr'><strong>perpetuam</strong></span> <span class='ocrx_word' id='word_1_236' title='bbox 1335 4790 1545 4887; x_wconf 87' lang='lat' dir='ltr'><strong>firmitatem,</strong></span> <span class='ocrx_word' id='word_1_237' title='bbox 1573 4816 1713 4889; x_wconf 89' lang='lat' dir='ltr'><strong>presens</strong></span> <span class='ocrx_word' id='word_1_238' title='bbox 1734 4797 1846 4893; x_wconf 89' lang='lat' dir='ltr'><strong>scrip-</strong></span> 
     </span>
     <span class='ocr_line' id='line_1_30' title="bbox 442 4914 1470 5011; baseline 0.004 -24"><span class='ocrx_word' id='word_1_239' title='bbox 442 4926 515 4989; x_wconf 92' lang='lat' dir='ltr'><strong>tum</strong></span> <span class='ocrx_word' id='word_1_240' title='bbox 531 4914 607 4990; x_wconf 90' lang='lat' dir='ltr'><strong>fieri</strong></span> <span class='ocrx_word' id='word_1_241' title='bbox 621 4918 789 5009; x_wconf 90' lang='lat' dir='ltr'><strong>jussimus</strong></span> <span class='ocrx_word' id='word_1_242' title='bbox 810 4918 994 5011; x_wconf 85' lang='lat' dir='ltr'><strong>majestatis</strong></span> <span class='ocrx_word' id='word_1_243' title='bbox 1021 4926 1136 4991; x_wconf 89' lang='lat' dir='ltr'><strong>nostre</strong></span> <span class='ocrx_word' id='word_1_244' title='bbox 1153 4916 1268 5011; x_wconf 90' lang='lat' dir='ltr'><strong>sigillo</strong></span> <span class='ocrx_word' id='word_1_245' title='bbox 1285 4918 1470 4991; x_wconf 89' lang='lat' dir='ltr'><strong>munitum.</strong></span> 
     </span>
    </p>
   </div>
   <div class='ocr_carea' id='block_1_7' title="bbox 0 0 2440 6356">
    <p class='ocr_par' dir='ltr' id='par_1_8' title="bbox 0 0 2440 6356">
     <span class='ocr_line' id='line_1_31' title="bbox 0 0 2440 6356; baseline 0 0"><span class='ocrx_word' id='word_1_246' title='bbox 0 0 2440 6356; x_wconf 95' lang='lat' dir='ltr'><strong> </strong></span> 
     </span>
    </p>
   </div>
  </div>
 </body>
</html>
