4859 6359
389 800 548 879 amaa]
835 788 1033 853 nrsronut
1059 790 1354 860 nrauouurrca
1741 761 1806 859 era

389 943 494 1009 neant
511 948 548 1009 et
562 931 610 1007 ad
626 937 759 1005 nostros
774 946 991 1000 successores
1006 928 1209 1023 perveniant
1224 930 1375 1022 illibata,
1391 928 1728 1004 literarumiudlciit
1745 917 1804 1002 fe'ss'

390 1059 502 1133 cimus
515 1055 662 1133 eternari
673 1075 716 1129 ea
727 1050 798 1147 qu'a
811 1050 1168 1147 conferimnspropter
1178 1038 1303 1127 Deum.
1321 1057 1454 1129 Teucro
1470 1056 1577 1149 igitur
1591 1053 1802 1151 presentium

390 1194 459 1257 tam
470 1180 646 1257 modernis
658 1196 766 1275 quam
782 1176 908 1252 tuturis
919 1176 1110 1253 tumescat
1124 1176 1294 1271 quodnos
1309 1180 1472 1253 iratribus
1483 1176 1662 1275 hospitalis
1676 1180 1802 1251 Sancte

390 1308 498 1381 ilario
513 1306 639 1381 domus
656 1301 844 1395 Teutonico
857 1301 902 1391 ,in
929 1300 1162 1378 Frainlriuiort
1181 1304 1457 1377 contulimus·de
1478 1301 1680 1377 liberalitate
1704 1303 1802 1398 regia

389 1431 535 1505 rubeam
553 1426 716 1525 paludem
735 1425 780 1499 de
797 1425 1059 1521 Wrowinvagin
1077 1444 1189 1521 nsque
1204 1426 1252 1501 ad
1267 1428 1422 1504 villulam
1437 1429 1515 1523 cua
1529 1436 1675 1502 romtur
1687 1425 1801 1499 Redin

391 1554 636 1647 attingentem,
661 1560 701 1623 ut
726 1551 836 1645 ipsam
863 1549 1028 1645 paludem
1044 1550 1089 1625 ,in
1114 1572 1202 1631 usus
1217 1571 1301 1625 suos
1323 1550 1482 1647 redigant
1499 1558 1535 1623 ‘et
1551 1559 1805 1627 muranenses

390 1678 592 1774 possideant
606 1676 709 1772 pleno
720 1678 813 1769 jure.
834 1672 890 1747 Ad
908 1673 1012 1767 hujus
1033 1674 1151 1769 itaque
1172 1675 1361 1748 collationis
1374 1675 1585 1763 evidentiam
1605 1683 1643 1758 et
1656 1677 1802 1749 uertitu-

392 1802 525 1888 dinem,
547 1808 740 1897 presentem
755 1799 890 1871 literam
905 1796 1009 1891 sigilli
1026 1799 1134 1871 nostri
1147 1800 1340 1874 munimine
1351 1800 1495 1871 fecimus
1507 1799 1725 1897 communiri.
1794 1857 1798 1872 .

438 1928 553 1999 Testes
572 1933 653 1997 sunt
676 1922 726 1995 hii
744 1950 753 1993 ε
771 1920 1000 1995 Theodericus
1023 1920 1231 1995 venerabilis
1256 1925 1474 1997 Treverensis
1497 1923 1797 2019 archiepiscopus,

392 2050 553 2123 Gerlacus
568 2048 613 2121 de
625 2047 822 2141 Bullingin,
844 2046 1023 2119 Cunradus
1037 2046 1200 2142 pincerna
1211 2046 1257 2119 de
1270 2047 1513 2141 Clinginburc,
1533 2046 1656 2119 Dietho
1669 2046 1715 2119 de
1733 2047 1799 2119 lla·

392 2174 575 2264 vinsburc,
591 2172 696 2245 etalii
712 2171 946 2266 quamplures.

405 2274 408 2281 ¹
438 2297 566 2369 Actum
580 2294 675 2391 apud
690 2294 937 2383 Frainlriniort,
963 2312 1055 2365 anno
1069 2291 1115 2364 ab
1129 2292 1363 2365 incarnatione
1381 2292 1519 2366 Domini
1534 2291 1716 2365 millesimo
1733 2293 1800 2365 du·

394 2420 578 2495 centesimo
596 2418 768 2492 tricesimo
779 2418 896 2511 tertio,
916 2416 1038 2513 quinto
1054 2414 1222 2491 kalendas
1232 2417 1390 2513 augusti,
1412 2416 1601 2491 indictione
1613 2426 1724 2492 sexta.

1289 2709 1571 2739 o—a—o—d-oss--u-

445 2997 578 3107 [Apud
595 2996 847 3107 Mogrmtiaml
865 2996 1022 3097 collecta
1039 2995 1176 3116 militia
1202 3021 1280 3111 rex,
1295 3004 1438 3100 canna,
1454 2996 1593 3086 ducem
1613 2995 1808 3082 Bawariac
1826 3021 2009 3131 ruffin.

393 3128 656 3241 proficiscitur.
678 3130 722 3213 ln
741 3130 885 3239 campis
903 3132 1032 3240 itaque
1050 3128 1128 3218 Lici
1147 3155 1257 3215 secus
1274 3129 1491 3239 Auguulam
1507 3129 1587 3213 iem
1603 3155 1672 3213 sex
1687 3130 1809 3213 millia
1958 3107 1964 3119 ’

393 3264 561 3347 militum
578 3264 619 3345 in
637 3264 802 3346 exercitu
819 3263 926 3373 regio
949 3273 1039 3347 sunt
1064 3264 1231 3346 inventa.
1253 3263 1345 3345 Inda
1366 3261 1557 3371 profectus
1579 3261 1685 3345 brevi
1705 3272 1809 3345 tem-

392 3423 485 3505 pore
515 3396 729 3483 Bawariam
747 3396 929 3508 subjugat
951 3406 988 3479 et
1010 3396 1148 3481 ducem
1170 3396 1210 3478 in
1229 3396 1460 3479 deditionem
1477 3396 1622 3505 recipit.
1645 3396 1804 3481 Genera.

396 3530 528 3613 Conon.
550 3556 613 3639 ap.
634 3528 826 3639 Boanum,
845 3536 995 3630 Fontes,
1022 3538 1053 3613 t.
1077 3530 1130 3640 H,
1153 3558 1194 3641 p.
1220 3534 1314 3615 566.
1329 3576 1385 3592 -
1403 3528 1493 3615 Otto
1510 3526 1590 3611 dux
1613 3528 1807 3615 Bawariae

394 3664 542 3745 curiam
573 3664 841 3748 celebrandam
862 3664 1091 3775 Ratisponae
1116 3662 1277 3767 indixit,
1307 3688 1426 3773 quam
1443 3671 1597 3773 propter
1617 3662 1807 3775 indigna·

393 3796 537 3878 tionem
567 3798 669 3907 regis
697 3797 861 3881 Heinrici
879 3807 918 3881 et
939 3796 1104 3880 aliorum
1126 3797 1385 3907 quorumdam
1402 3795 1618 3905 principum
1637 3795 1710 3879 sihi
1728 3820 1807 3879 non

393 3926 627 4037 faventium,
652 3930 755 4039 apud
776 3929 975 4015 Laudshut
1001 3929 1216 4013 celebrarit.
1248 3929 1324 4011 Sed
1353 3930 1601 4038 postmodum
1625 3956 1694 4013 rex
1718 3954 1808 4013 cum

393 4061 526 4143 multis
551 4061 787 4173 principibus
816 4074 855 4147 et
885 4089 1027 4175 magno
1061 4063 1226 4147 exercitu
1252 4063 1466 4151 Bawariam
1490 4064 1645 4149 intravit
1670 4065 1808 4167 ducem

394 4196 679 4301 damnaturus,
704 4200 772 4282 sed
803 4200 994 4285 mediante
1021 4202 1304 4312 archiepiscopo
1328 4202 1617 4312 salzpurgensi,
1641 4204 1682 4284 in
1705 4230 1805 4315 gra-

394 4328 492 4410 ciam
511 4356 601 4412 cum
622 4323 780 4440 recepit,
801 4343 839 4414 et
856 4332 980 4415 filium
1001 4333 1085 4444 ejus
1105 4335 1309 4445 puerulum
1331 4336 1372 4416 in
1390 4334 1563 4419 obsidem
1579 4336 1661 4445 regi
1683 4336 1803 4421 dedit.

394 4460 441 4543 Et
457 4463 613 4547 tandem
630 4463 777 4547 curiam
795 4466 1031 4575 solempnem
1053 4466 1283 4577 Ratisponae
1306 4470 1386 4551 dux
1408 4468 1631 4578 celebravit,
1650 4471 1713 4553 cui
1731 4496 1804 4554 ar-

395 4591 655 4703 chiepiscopus
682 4596 970 4708 Salzburgensis
997 4608 1035 4682 el
1055 4624 1189 4683 omnes
1210 4601 1375 4711 episcopi
1397 4581 1804 4690 Bawauaeinurfue-

394 4734 497 4809 runt.
524 4728 716 4813 Hanunuu.
745 4731 887 4813 Auria
917 4759 980 4841 ap.
1005 4732 1201 4840 Boanum,
1225 4735 1346 4841 ibid,
1365 4762 1405 4845 p.
1432 4737 1525 4818 505.
1542 4737 1693 4821 -Rex
1714 4766 1804 4825 vero

395 4859 551 4945 collecto
586 4864 751 4949 exercitu
783 4866 900 4951 morit
930 4866 1207 4976 expeditionem
1235 4869 1417 4952 adversus
1443 4869 1581 4953 ducem
1611 4870 1805 4959 Bewariae
