4859 6359
409 755 506 814 luatur.
523 756 570 830 l.]
860 751 1058 813 HISTORIA
1082 748 1373 812 vitiositates

460 1317 666 1424 Henricus,
685 1317 946 1401 Romanorum
968 1342 1055 1424 rex,
1075 1315 1221 1398 civibus
1240 1316 1287 1398 de
1307 1315 1544 1424 Oppenheim
1564 1316 1756 1400 libertates
1778 1324 1817 1398 et
1844 1337 2009 1444 „⁰5pr

408 1451 573 1533 bonores
590 1477 688 1560 quos
703 1449 819 1532 habet
836 1450 967 1532 civitas
983 1448 1249 1556 Franlrenfort‚
1269 1450 1405 1554 donat,
1427 1449 1636 1557 specialiter
1652 1449 1703 1531 de
1718 1475 1816 1532 con-
1836 1445 1860 1487 ¹¹
1875 1445 2017 1498 mama.

409 1582 551 1665 ditione
567 1607 700 1665 eorum
718 1581 786 1692 qui
807 1581 923 1663 hicet
940 1580 1018 1662 illic
1041 1590 1167 1663 sturae
1187 1579 1280 1662 dare
1300 1579 1359 1662 vel
1383 1580 1497 1662 sturis
1522 1581 1712 1663 immunes
1733 1607 1816 1664 esse

408 1714 560 1798 debent.

489 1949 586 2030 (stit.
600 1969 647 2029 ap.
665 1953 828 2026 Bonum,
845 1949 915 2013 cod.
930 1948 1046 2030 diplom
1062 1949 1383 2030 umbraumbra,
1397 1968 1427 2028 p.
1445 1959 1499 2026 593
1513 1951 1581 2012 coll.
1597 1967 1665 2013 cum
1678 1952 1815 2030 originali

525 2059 559 2116 lu
581 2057 702 2117 archivo
723 2057 956 2118 Damone.
981 2058 1054 2119 Filio
1075 2059 1174 2118 sericis
1195 2057 1298 2117 uiridis
1322 2057 1427 2118 coloris
1446 2057 1591 2134 appendet
1609 2057 1740 2135 sigillum
1761 2073 1814 2119 seu

526 2165 625 2240 potius
637 2163 725 2242 sigilii
742 2163 957 2241 fragmentum,
971 2163 1025 2224 ubi
1042 2163 1081 2224 ad
1099 2166 1251 2225 manum
1273 2165 1372 2225 sedilis
1393 2165 1472 2225 latus
1493 2165 1698 2225 mrcemuntur
1716 2163 1813 2224 adhue

528 2270 643 2330 litterae
655 2270 707 2329 ΕΤ
719 2268 804 2330 DVX
816 2269 837 2330 S
839 2310 903 2332 .....
905 2266 917 2346 )

455 2482 653 2574 Heinrious,
677 2483 741 2555 Dei
769 2483 880 2576 gratia
896 2484 1129 2556 Romanorum
1149 2503 1215 2554 rex
1234 2492 1271 2556 et
1284 2503 1420 2578 semper
1436 2491 1623 2578 augustus,
1653 2482 1815 2558 fidelibus

408 2605 481 2677 suis
498 2606 670 2678 universis
687 2606 823 2678 civibus
842 2607 889 2680 de
905 2607 1122 2702 Oppenheim
1137 2609 1281 2700 gratiam
1298 2629 1395 2680 suem
1413 2617 1447 2681 et
1462 2628 1565 2680 omno
1582 2607 1724 2678 bonum.
1743 2609 1815 2682 De-

408 2729 581 2802 votiouem
599 2739 748 2802 vestram
762 2729 925 2824 prosequi
940 2731 1095 2802 volentes
1106 2729 1297 2802 serenitatis
1308 2743 1423 2802 nostre
1436 2731 1546 2823 gratia
1559 2729 1713 2825 speciali,
1733 2751 1814 2804 ecee

408 2873 527 2924 omnes
538 2853 713 2925 libertates
727 2853 855 2947 pariter
871 2861 906 2925 et
919 2852 1071 2925 honores
1083 2873 1172 2947 quos
1187 2851 1293 2926 babet
1307 2851 1428 2924 civitas
1438 2862 1555 2924 nostra
1567 2852 1814 2927 Fraukenvord

407 2976 508 3048 vobis
516 2997 557 3049 ao
568 2975 700 3048 civitati
716 2974 930 3070 Oppeuheim
942 2996 1004 3070 per
1014 2995 1156 3070 presens
1168 2975 1388 3070 privilegium
1402 2975 1570 3048 tradimus
1582 2984 1616 3048 et
1627 2975 1810 3066 donamus,

408 3106 446 3169 ut
462 3098 510 3171 ad
526 3098 634 3170 instar
651 3098 781 3170 civium
793 3097 839 3172 de
854 3097 1102 3172 Franlrenvord
1115 3106 1283 3193 perpetuo
1292 3097 1477 3190 'gaudeatis
1490 3098 1642 3190 eisdem,
1659 3101 1704 3172 itu
1718 3100 1815 3174 vide·

407 3221 487 3294 iicet
510 3221 604 3315 quod
623 3222 714 3294 sicut
732 3222 803 3294 illic
819 3231 932 3294 sturae
948 3232 983 3296 et
1000 3223 1172 3318 precarias
1191 3221 1274 3294 dare
1292 3223 1419 3311 solent,
1438 3223 1488 3295 sic
1506 3234 1541 3294 et
1555 3223 1612 3296 bic
1628 3223 1816 3298 existentes

408 3341 615 3415 conditionis
628 3343 785 3436 ejusdem
798 3345 955 3417 similiter
967 3346 1052 3419 dent
1062 3347 1254 3418 vobiscum.
1269 3344 1337 3430 Qui
1355 3353 1470 3418 eutem
1481 3346 1550 3416 illio
1561 3355 1655 3420 sture
1664 3349 1720 3419 vel
1734 3370 1814 3442 pre·

407 3466 499 3538 carie
510 3475 592 3538 sunt
603 3477 778 3562 expertes,
791 3466 919 3541 debent
930 3477 966 3542 et
981 3468 1161 3542 vobiscum
1176 3489 1252 3542 esse
1268 3467 1402 3540 illarum
1415 3467 1514 3540 liberi
1529 3477 1563 3542 et
1576 3469 1759 3544 mmuues.
1770 3473 1814 3546 Ut

407 3588 514 3682 igitur
533 3589 599 3661 beo
613 3590 723 3682 gratia
742 3591 845 3664 vobis
857 3592 948 3664 iacta
969 3591 1076 3664 robur
1092 3591 1246 3665 obtineat
1268 3590 1384 3664 debite
1403 3591 1588 3682 firmitatis,
1618 3602 1812 3686 presentem

406 3712 568 3806 paginam
583 3712 667 3786 iude
679 3714 905 3809 conscriptam
919 3713 1022 3808 sigilli
1034 3715 1140 3786 nostri
1152 3713 1342 3786 munimine
1357 3713 1501 3786 fecimus
1518 3713 1689 3808 insigniri.

454 3836 580 3908 ilatum
595 3835 692 3931 apud
708 3835 934 3932 Bopardiam,
953 3857 1046 3910 anno
1063 3837 1172 3931 gratie
1187 3837 1370 3910 millesimo
1383 3836 1447 3910 CC·
1458 3837 1647 3927 xxxiiii,
1669 3839 1716 3910 lll
1733 3837 1813 3912 idus

407 3959 629 4054 septembris,
648 3959 837 4034 indictione
851 3961 1010 4055 septima.

458 4537 663 4642 llenricus,
682 4539 943 4624 Romanorum
960 4568 1042 4650 rex,
1064 4543 1231 4626 scultetis
1249 4553 1286 4626 et
1303 4542 1523 4626 hominibus
1538 4543 1684 4650 Leodii,
1706 4545 1808 4626 'lra-
1873 4540 1974 4650 silli,

402 4666 512 4774 jecti,
533 4669 660 4753 Sancti
684 4673 889 4781 Trudonis,
909 4675 1034 4786 noyn,
1055 4677 1298 4786 Tungrorum
1317 4686 1354 4757 et
1376 4675 1542 4756 Dinantii
1565 4677 1724 4759 mandat
1750 4687 1806 4780 ut,
1832 4647 2013 4703 mmm

407 4825 494 4882 cum
512 4803 712 4913 episcopus
733 4805 950 4889 leodiensis
973 4809 1196 4891 senteutiam
1219 4807 1433 4917 principum
1456 4807 1573 4890 letam
1596 4810 1644 4890 de
1666 4809 1813 4892 immu-

503 4936 557 4998 lv.
578 4954 667 4998 rar-2
1613 4951 1651 5002 87
