<?xml version="1.0" encoding="UTF-8"?>
<!DOCTYPE html PUBLIC "-//W3C//DTD XHTML 1.0 Transitional//EN"
    "http://www.w3.org/TR/xhtml1/DTD/xhtml1-transitional.dtd">
<html xmlns="http://www.w3.org/1999/xhtml" xml:lang="en" lang="en">
 <head>
  <title>
</title>
<meta http-equiv="Content-Type" content="text/html;charset=utf-8" />
  <meta name='ocr-system' content='tesseract 3.04.00' />
  <meta name='ocr-capabilities' content='ocr_page ocr_carea ocr_par ocr_line ocrx_word'/>
</head>
<body>
  <div class='ocr_page' id='page_1' title='image "./historiadiploma05fredgoog_0148.png"; bbox 0 0 4859 6359; ppageno 0'>
   <div class='ocr_carea' id='block_1_1' title="bbox 606 701 2016 790">
    <p class='ocr_par' dir='ltr' id='par_1_1' title="bbox 606 701 2016 790">
     <span class='ocr_line' id='line_1_1' title="bbox 606 701 2016 790; baseline 0.004 -24"><span class='ocrx_word' id='word_1_1' title='bbox 606 703 668 766; x_wconf 87' lang='lat' dir='ltr'><strong>eso</strong></span> <span class='ocrx_word' id='word_1_2' title='bbox 1127 701 1302 767; x_wconf 85' lang='lat' dir='ltr'><strong>uennrcr</strong></span> <span class='ocrx_word' id='word_1_3' title='bbox 1327 702 1494 771; x_wconf 80' lang='lat' dir='ltr'><strong>scrutur</strong></span> <span class='ocrx_word' id='word_1_4' title='bbox 1830 705 1910 790; x_wconf 74' lang='lat' dir='ltr'><strong>[alr.</strong></span> <span class='ocrx_word' id='word_1_5' title='bbox 1929 707 2016 770; x_wconf 74' lang='lat' dir='ltr'><strong>raes</strong></span> 
     </span>
    </p>
   </div>
   <div class='ocr_carea' id='block_1_2' title="bbox 611 835 2022 1315">
    <p class='ocr_par' dir='ltr' id='par_1_2' title="bbox 611 835 2022 1315">
     <span class='ocr_line' id='line_1_2' title="bbox 611 835 2021 946; baseline 0.004 -29"><span class='ocrx_word' id='word_1_6' title='bbox 611 837 730 918; x_wconf 86' lang='lat' dir='ltr'><strong>nitate</strong></span> <span class='ocrx_word' id='word_1_7' title='bbox 755 835 934 918; x_wconf 88' lang='lat' dir='ltr'><strong>ecclesiae</strong></span> <span class='ocrx_word' id='word_1_8' title='bbox 961 836 1090 919; x_wconf 79' lang='lat' dir='ltr'><strong>Sancti</strong></span> <span class='ocrx_word' id='word_1_9' title='bbox 1119 835 1278 918; x_wconf 82' lang='lat' dir='ltr'><strong>Servatii</strong></span> <span class='ocrx_word' id='word_1_10' title='bbox 1300 835 1340 914; x_wconf 93' lang='lat' dir='ltr'><strong>in</strong></span> <span class='ocrx_word' id='word_1_11' title='bbox 1367 835 1538 944; x_wconf 86' lang='lat' dir='ltr'><strong>Trajectn</strong></span> <span class='ocrx_word' id='word_1_12' title='bbox 1569 836 1777 946; x_wconf 90' lang='lat' dir='ltr'><strong>adimplere</strong></span> <span class='ocrx_word' id='word_1_13' title='bbox 1799 864 1876 921; x_wconf 92' lang='lat' dir='ltr'><strong>non</strong></span> <span class='ocrx_word' id='word_1_14' title='bbox 1903 864 2021 922; x_wconf 89' lang='lat' dir='ltr'><strong>oura-</strong></span> 
     </span>
     <span class='ocr_line' id='line_1_3' title="bbox 612 968 2022 1078; baseline 0.003 -27"><span class='ocrx_word' id='word_1_15' title='bbox 612 969 727 1075; x_wconf 78' lang='lat' dir='ltr'><strong>verit,</strong></span> <span class='ocrx_word' id='word_1_16' title='bbox 753 968 825 1077; x_wconf 89' lang='lat' dir='ltr'><strong>ipsi</strong></span> <span class='ocrx_word' id='word_1_17' title='bbox 851 968 892 1048; x_wconf 94' lang='lat' dir='ltr'><strong>in</strong></span> <span class='ocrx_word' id='word_1_18' title='bbox 918 969 978 1050; x_wconf 93' lang='lat' dir='ltr'><strong>his</strong></span> <span class='ocrx_word' id='word_1_19' title='bbox 1004 995 1104 1078; x_wconf 88' lang='lat' dir='ltr'><strong>quae</strong></span> <span class='ocrx_word' id='word_1_20' title='bbox 1129 970 1232 1050; x_wconf 91' lang='lat' dir='ltr'><strong>idem</strong></span> <span class='ocrx_word' id='word_1_21' title='bbox 1259 969 1458 1077; x_wconf 88' lang='lat' dir='ltr'><strong>episeopus</strong></span> <span class='ocrx_word' id='word_1_22' title='bbox 1480 979 1581 1052; x_wconf 90' lang='lat' dir='ltr'><strong>tenet</strong></span> <span class='ocrx_word' id='word_1_23' title='bbox 1606 969 1657 1051; x_wconf 88' lang='lat' dir='ltr'><strong>ab</strong></span> <span class='ocrx_word' id='word_1_24' title='bbox 1679 969 1856 1078; x_wconf 81' lang='lat' dir='ltr'><strong>imperio,</strong></span> <span class='ocrx_word' id='word_1_25' title='bbox 1882 971 2022 1054; x_wconf 88' lang='lat' dir='ltr'><strong>scilicet</strong></span> 
     </span>
     <span class='ocr_line' id='line_1_4' title="bbox 612 1100 2022 1225; baseline 0.004 -43"><span class='ocrx_word' id='word_1_26' title='bbox 612 1100 808 1206; x_wconf 88' lang='lat' dir='ltr'><strong>theloneo,</strong></span> <span class='ocrx_word' id='word_1_27' title='bbox 827 1110 1000 1208; x_wconf 86' lang='lat' dir='ltr'><strong>moneto,</strong></span> <span class='ocrx_word' id='word_1_28' title='bbox 1021 1100 1165 1210; x_wconf 86' lang='lat' dir='ltr'><strong>judicio</strong></span> <span class='ocrx_word' id='word_1_29' title='bbox 1186 1111 1224 1183; x_wconf 92' lang='lat' dir='ltr'><strong>et</strong></span> <span class='ocrx_word' id='word_1_30' title='bbox 1246 1100 1330 1182; x_wconf 91' lang='lat' dir='ltr'><strong>aliis</strong></span> <span class='ocrx_word' id='word_1_31' title='bbox 1351 1103 1643 1210; x_wconf 78' lang='lat' dir='ltr'><strong>temporalibuS,</strong></span> <span class='ocrx_word' id='word_1_32' title='bbox 1664 1103 1813 1225; x_wconf 87' lang='lat' dir='ltr'><strong>nullam</strong></span> <span class='ocrx_word' id='word_1_33' title='bbox 1830 1104 1865 1186; x_wconf 91' lang='lat' dir='ltr'><strong>ei</strong></span> <span class='ocrx_word' id='word_1_34' title='bbox 1883 1103 2022 1188; x_wconf 83' lang='lat' dir='ltr'><strong>faciant</strong></span> 
     </span>
     <span class='ocr_line' id='line_1_5' title="bbox 612 1231 880 1315; baseline -0.007 -1"><span class='ocrx_word' id='word_1_35' title='bbox 612 1231 880 1315; x_wconf 71' lang='lat' dir='ltr'><strong>obedientiam.</strong></span> 
     </span>
    </p>
   </div>
   <div class='ocr_carea' id='block_1_3' title="bbox 697 1443 2022 1627">
    <p class='ocr_par' dir='ltr' id='par_1_3' title="bbox 697 1443 2022 1627">
     <span class='ocr_line' id='line_1_6' title="bbox 697 1443 2022 1526; baseline 0.004 -21"><span class='ocrx_word' id='word_1_36' title='bbox 697 1444 824 1523; x_wconf 71' lang='lat' dir='ltr'><strong>tlncdtt.</strong></span> <span class='ocrx_word' id='word_1_37' title='bbox 841 1461 879 1506; x_wconf 83' lang='lat' dir='ltr'><strong>ox</strong></span> <span class='ocrx_word' id='word_1_38' title='bbox 893 1443 1018 1506; x_wconf 81' lang='lat' dir='ltr'><strong>chartul.</strong></span> <span class='ocrx_word' id='word_1_39' title='bbox 1034 1445 1065 1507; x_wconf 87' lang='lat' dir='ltr'><strong>S.</strong></span> <span class='ocrx_word' id='word_1_40' title='bbox 1087 1445 1214 1507; x_wconf 78' lang='lat' dir='ltr'><strong>Servadl</strong></span> <span class='ocrx_word' id='word_1_41' title='bbox 1231 1443 1358 1525; x_wconf 76' lang='lat' dir='ltr'><strong>Trulset.</strong></span> <span class='ocrx_word' id='word_1_42' title='bbox 1381 1461 1432 1525; x_wconf 82' lang='lat' dir='ltr'><strong>ep.</strong></span> <span class='ocrx_word' id='word_1_43' title='bbox 1451 1443 1528 1508; x_wconf 78' lang='lat' dir='ltr'><strong>ltlbl.</strong></span> <span class='ocrx_word' id='word_1_44' title='bbox 1544 1463 1606 1526; x_wconf 79' lang='lat' dir='ltr'><strong>reg.</strong></span> <span class='ocrx_word' id='word_1_45' title='bbox 1626 1449 1738 1522; x_wconf 70' lang='lat' dir='ltr'><strong>Parte,</strong></span> <span class='ocrx_word' id='word_1_46' title='bbox 1756 1453 1831 1514; x_wconf 87' lang='lat' dir='ltr'><strong>torn.</strong></span> <span class='ocrx_word' id='word_1_47' title='bbox 1848 1446 1905 1522; x_wconf 89' lang='lat' dir='ltr'><strong>Ill,</strong></span> <span class='ocrx_word' id='word_1_48' title='bbox 1928 1447 1980 1511; x_wconf 78' lang='lat' dir='ltr'><strong>fol.</strong></span> <span class='ocrx_word' id='word_1_49' title='bbox 2004 1459 2022 1510; x_wconf 79' lang='lat' dir='ltr'><strong>s</strong></span> 
     </span>
     <span class='ocr_line' id='line_1_7' title="bbox 731 1547 1662 1627; baseline 0.009 -15"><span class='ocrx_word' id='word_1_50' title='bbox 731 1547 844 1627; x_wconf 62' lang='lat' dir='ltr'><strong>voto.)</strong></span> <span class='ocrx_word' id='word_1_51' title='bbox 1659 1547 1662 1554; x_wconf 77' lang='grc'><strong>’</strong></span> 
     </span>
    </p>
   </div>
   <div class='ocr_carea' id='block_1_4' title="bbox 615 1728 2024 2194">
    <p class='ocr_par' dir='ltr' id='par_1_4' title="bbox 615 1728 2024 2194">
     <span class='ocr_line' id='line_1_8' title="bbox 663 1728 2023 1824; baseline 0.002 -22"><span class='ocrx_word' id='word_1_52' title='bbox 663 1729 853 1817; x_wconf 75' lang='lat' dir='ltr'><strong>Reatinus,</strong></span> <span class='ocrx_word' id='word_1_53' title='bbox 880 1729 943 1802; x_wconf 88' lang='lat' dir='ltr'><strong>Ilei</strong></span> <span class='ocrx_word' id='word_1_54' title='bbox 974 1730 1084 1824; x_wconf 78' lang='lat' dir='ltr'><strong>gratia</strong></span> <span class='ocrx_word' id='word_1_55' title='bbox 1115 1731 1346 1802; x_wconf 80' lang='lat' dir='ltr'><strong>Romanorum</strong></span> <span class='ocrx_word' id='word_1_56' title='bbox 1363 1751 1428 1802; x_wconf 86' lang='lat' dir='ltr'><strong>rex</strong></span> <span class='ocrx_word' id='word_1_57' title='bbox 1449 1739 1485 1802; x_wconf 91' lang='lat' dir='ltr'><strong>et</strong></span> <span class='ocrx_word' id='word_1_58' title='bbox 1501 1750 1636 1824; x_wconf 87' lang='lat' dir='ltr'><strong>semper</strong></span> <span class='ocrx_word' id='word_1_59' title='bbox 1649 1739 1838 1824; x_wconf 80' lang='lat' dir='ltr'><strong>augustus,</strong></span> <span class='ocrx_word' id='word_1_60' title='bbox 1862 1728 2023 1806; x_wconf 82' lang='lat' dir='ltr'><strong>fidelibus</strong></span> 
     </span>
     <span class='ocr_line' id='line_1_9' title="bbox 615 1852 2023 1948; baseline -0.001 -21"><span class='ocrx_word' id='word_1_61' title='bbox 615 1853 689 1926; x_wconf 89' lang='lat' dir='ltr'><strong>suis</strong></span> <span class='ocrx_word' id='word_1_62' title='bbox 704 1852 845 1941; x_wconf 78' lang='lat' dir='ltr'><strong>leodii,</strong></span> <span class='ocrx_word' id='word_1_63' title='bbox 865 1853 1028 1943; x_wconf 88' lang='lat' dir='ltr'><strong>Trajeoti,</strong></span> <span class='ocrx_word' id='word_1_64' title='bbox 1050 1853 1165 1925; x_wconf 86' lang='lat' dir='ltr'><strong>Sancti</strong></span> <span class='ocrx_word' id='word_1_65' title='bbox 1181 1853 1371 1940; x_wconf 84' lang='lat' dir='ltr'><strong>Trndonis,</strong></span> <span class='ocrx_word' id='word_1_66' title='bbox 1390 1853 1627 1948; x_wconf 81' lang='lat' dir='ltr'><strong>Hoyensibns,</strong></span> <span class='ocrx_word' id='word_1_67' title='bbox 1647 1854 1901 1948; x_wconf 78' lang='lat' dir='ltr'><strong>longrensibus</strong></span> <span class='ocrx_word' id='word_1_68' title='bbox 1914 1865 1949 1928; x_wconf 93' lang='lat' dir='ltr'><strong>et</strong></span> <span class='ocrx_word' id='word_1_69' title='bbox 1965 1855 2023 1926; x_wconf 84' lang='lat' dir='ltr'><strong>bi-</strong></span> 
     </span>
     <span class='ocr_line' id='line_1_10' title="bbox 616 1975 2017 2070; baseline 0.002 -22"><span class='ocrx_word' id='word_1_70' title='bbox 616 1975 781 2049; x_wconf 82' lang='lat' dir='ltr'><strong>nantibus</strong></span> <span class='ocrx_word' id='word_1_71' title='bbox 792 1975 947 2048; x_wconf 89' lang='lat' dir='ltr'><strong>scultetis</strong></span> <span class='ocrx_word' id='word_1_72' title='bbox 962 1984 997 2048; x_wconf 91' lang='lat' dir='ltr'><strong>et</strong></span> <span class='ocrx_word' id='word_1_73' title='bbox 1018 1975 1190 2048; x_wconf 88' lang='lat' dir='ltr'><strong>universis</strong></span> <span class='ocrx_word' id='word_1_74' title='bbox 1205 1975 1404 2048; x_wconf 92' lang='lat' dir='ltr'><strong>hominibus</strong></span> <span class='ocrx_word' id='word_1_75' title='bbox 1419 1975 1563 2070; x_wconf 80' lang='lat' dir='ltr'><strong>gratiam</strong></span> <span class='ocrx_word' id='word_1_76' title='bbox 1578 1997 1677 2048; x_wconf 89' lang='lat' dir='ltr'><strong>suam</strong></span> <span class='ocrx_word' id='word_1_77' title='bbox 1697 1986 1732 2048; x_wconf 88' lang='lat' dir='ltr'><strong>et</strong></span> <span class='ocrx_word' id='word_1_78' title='bbox 1749 1997 1851 2048; x_wconf 90' lang='lat' dir='ltr'><strong>omne</strong></span> <span class='ocrx_word' id='word_1_79' title='bbox 1876 1977 2017 2050; x_wconf 90' lang='lat' dir='ltr'><strong>bonurn.</strong></span> 
     </span>
     <span class='ocr_line' id='line_1_11' title="bbox 618 2096 2024 2194; baseline 0.003 -24"><span class='ocrx_word' id='word_1_80' title='bbox 618 2098 702 2170; x_wconf 90' lang='lat' dir='ltr'><strong>Cum</strong></span> <span class='ocrx_word' id='word_1_81' title='bbox 718 2096 864 2171; x_wconf 85' lang='lat' dir='ltr'><strong>ecclesia</strong></span> <span class='ocrx_word' id='word_1_82' title='bbox 879 2098 995 2170; x_wconf 82' lang='lat' dir='ltr'><strong>Sancti</strong></span> <span class='ocrx_word' id='word_1_83' title='bbox 1003 2099 1148 2170; x_wconf 88' lang='lat' dir='ltr'><strong>Servatii</strong></span> <span class='ocrx_word' id='word_1_84' title='bbox 1165 2098 1210 2170; x_wconf 90' lang='lat' dir='ltr'><strong>de</strong></span> <span class='ocrx_word' id='word_1_85' title='bbox 1228 2098 1381 2190; x_wconf 86' lang='lat' dir='ltr'><strong>Trejecto</strong></span> <span class='ocrx_word' id='word_1_86' title='bbox 1395 2119 1465 2192; x_wconf 90' lang='lat' dir='ltr'><strong>que</strong></span> <span class='ocrx_word' id='word_1_87' title='bbox 1483 2099 1614 2194; x_wconf 86' lang='lat' dir='ltr'><strong>capella</strong></span> <span class='ocrx_word' id='word_1_88' title='bbox 1627 2109 1742 2173; x_wconf 84' lang='lat' dir='ltr'><strong>nostra</strong></span> <span class='ocrx_word' id='word_1_89' title='bbox 1758 2101 1937 2194; x_wconf 87' lang='lat' dir='ltr'><strong>etimperii</strong></span> <span class='ocrx_word' id='word_1_90' title='bbox 1949 2123 2024 2174; x_wconf 88' lang='lat' dir='ltr'><strong>esse</strong></span> 
     </span>
    </p>
   </div>
   <div class='ocr_carea' id='block_1_5' title="bbox 495 2219 2024 2316">
    <p class='ocr_par' dir='ltr' id='par_1_5' title="bbox 495 2219 2024 2316">
     <span class='ocr_line' id='line_1_12' title="bbox 495 2219 2024 2316; baseline 0.001 -23"><span class='ocrx_word' id='word_1_91' title='bbox 495 2219 498 2224; x_wconf 78' lang='grc'><strong>’</strong></span> <span class='ocrx_word' id='word_1_92' title='bbox 617 2221 847 2314; x_wconf 78' lang='lat' dir='ltr'><strong>dignoscitur,</strong></span> <span class='ocrx_word' id='word_1_93' title='bbox 868 2230 987 2316; x_wconf 80' lang='lat' dir='ltr'><strong>utpote</strong></span> <span class='ocrx_word' id='word_1_94' title='bbox 1002 2221 1211 2316; x_wconf 88' lang='lat' dir='ltr'><strong>queadivis</strong></span> <span class='ocrx_word' id='word_1_95' title='bbox 1223 2223 1451 2294; x_wconf 88' lang='lat' dir='ltr'><strong>Romanorum</strong></span> <span class='ocrx_word' id='word_1_96' title='bbox 1470 2223 1735 2316; x_wconf 82' lang='lat' dir='ltr'><strong>imperatoribus</strong></span> <span class='ocrx_word' id='word_1_97' title='bbox 1758 2231 1793 2294; x_wconf 90' lang='lat' dir='ltr'><strong>et</strong></span> <span class='ocrx_word' id='word_1_98' title='bbox 1811 2223 1952 2315; x_wconf 77' lang='lat' dir='ltr'><strong>regibus</strong></span> <span class='ocrx_word' id='word_1_99' title='bbox 1972 2233 2024 2295; x_wconf 90' lang='lat' dir='ltr'><strong>est</strong></span> 
     </span>
    </p>
   </div>
   <div class='ocr_carea' id='block_1_6' title="bbox 617 2343 2024 2441">
    <p class='ocr_par' dir='ltr' id='par_1_6' title="bbox 617 2343 2024 2441">
     <span class='ocr_line' id='line_1_13' title="bbox 617 2343 2024 2441; baseline 0.003 -27"><span class='ocrx_word' id='word_1_100' title='bbox 617 2343 758 2416; x_wconf 86' lang='lat' dir='ltr'><strong>lundata</strong></span> <span class='ocrx_word' id='word_1_101' title='bbox 777 2343 875 2416; x_wconf 87' lang='lat' dir='ltr'><strong>etad</strong></span> <span class='ocrx_word' id='word_1_102' title='bbox 894 2345 1008 2438; x_wconf 91' lang='lat' dir='ltr'><strong>ipsum</strong></span> <span class='ocrx_word' id='word_1_103' title='bbox 1028 2344 1211 2438; x_wconf 90' lang='lat' dir='ltr'><strong>imperium</strong></span> <span class='ocrx_word' id='word_1_104' title='bbox 1225 2345 1372 2440; x_wconf 84' lang='lat' dir='ltr'><strong>pertinet</strong></span> <span class='ocrx_word' id='word_1_105' title='bbox 1386 2345 1601 2436; x_wconf 87' lang='lat' dir='ltr'><strong>immediate,</strong></span> <span class='ocrx_word' id='word_1_106' title='bbox 1627 2345 1845 2418; x_wconf 89' lang='lat' dir='ltr'><strong>uLeodiensi</strong></span> <span class='ocrx_word' id='word_1_107' title='bbox 1864 2345 2024 2441; x_wconf 91' lang='lat' dir='ltr'><strong>episcopo</strong></span> 
     </span>
    </p>
   </div>
   <div class='ocr_carea' id='block_1_7' title="bbox 616 2467 2025 3180">
    <p class='ocr_par' dir='ltr' id='par_1_7' title="bbox 616 2467 2025 3180">
     <span class='ocr_line' id='line_1_14' title="bbox 617 2467 2024 2560; baseline 0.001 -22"><span class='ocrx_word' id='word_1_108' title='bbox 617 2475 839 2560; x_wconf 77' lang='lat' dir='ltr'><strong>gravaretur,</strong></span> <span class='ocrx_word' id='word_1_109' title='bbox 864 2482 911 2539; x_wconf 85' lang='lat' dir='ltr'><strong>ex</strong></span> <span class='ocrx_word' id='word_1_110' title='bbox 925 2487 969 2538; x_wconf 91' lang='lat' dir='ltr'><strong>eo</strong></span> <span class='ocrx_word' id='word_1_111' title='bbox 989 2467 1086 2560; x_wconf 90' lang='lat' dir='ltr'><strong>quod</strong></span> <span class='ocrx_word' id='word_1_112' title='bbox 1101 2467 1376 2559; x_wconf 86' lang='lat' dir='ltr'><strong>jurisdictlouem</strong></span> <span class='ocrx_word' id='word_1_113' title='bbox 1399 2467 1435 2538; x_wconf 92' lang='lat' dir='ltr'><strong>iu</strong></span> <span class='ocrx_word' id='word_1_114' title='bbox 1453 2467 1612 2540; x_wconf 87' lang='lat' dir='ltr'><strong>eamdem</strong></span> <span class='ocrx_word' id='word_1_115' title='bbox 1630 2468 1809 2540; x_wconf 89' lang='lat' dir='ltr'><strong>ecclesiam</strong></span> <span class='ocrx_word' id='word_1_116' title='bbox 1835 2467 1902 2539; x_wconf 90' lang='lat' dir='ltr'><strong>sibi</strong></span> <span class='ocrx_word' id='word_1_117' title='bbox 1923 2490 2024 2539; x_wconf 88' lang='lat' dir='ltr'><strong>usur-</strong></span> 
     </span>
     <span class='ocr_line' id='line_1_15' title="bbox 617 2587 2023 2688; baseline 0.001 -26"><span class='ocrx_word' id='word_1_118' title='bbox 617 2590 822 2686; x_wconf 83' lang='lat' dir='ltr'><strong>parevolnit</strong></span> <span class='ocrx_word' id='word_1_119' title='bbox 836 2611 943 2684; x_wconf 86' lang='lat' dir='ltr'><strong>quam</strong></span> <span class='ocrx_word' id='word_1_120' title='bbox 957 2610 1026 2663; x_wconf 92' lang='lat' dir='ltr'><strong>non</strong></span> <span class='ocrx_word' id='word_1_121' title='bbox 1042 2590 1209 2678; x_wconf 80' lang='lat' dir='ltr'><strong>habebut,</strong></span> <span class='ocrx_word' id='word_1_122' title='bbox 1230 2591 1310 2665; x_wconf 88' lang='lat' dir='ltr'><strong>lieet</strong></span> <span class='ocrx_word' id='word_1_123' title='bbox 1328 2613 1375 2665; x_wconf 85' lang='lat' dir='ltr'><strong>ex</strong></span> <span class='ocrx_word' id='word_1_124' title='bbox 1392 2587 1611 2688; x_wconf 85' lang='lat' dir='ltr'><strong>providentia</strong></span> <span class='ocrx_word' id='word_1_125' title='bbox 1630 2591 1725 2684; x_wconf 76' lang='lat' dir='ltr'><strong>regia</strong></span> <span class='ocrx_word' id='word_1_126' title='bbox 1746 2591 1791 2663; x_wconf 88' lang='lat' dir='ltr'><strong>ad</strong></span> <span class='ocrx_word' id='word_1_127' title='bbox 1809 2590 2023 2686; x_wconf 86' lang='lat' dir='ltr'><strong>probandam</strong></span> 
     </span>
     <span class='ocr_line' id='line_1_16' title="bbox 616 2714 2021 2809; baseline 0.001 -23"><span class='ocrx_word' id='word_1_128' title='bbox 616 2715 838 2787; x_wconf 88' lang='lat' dir='ltr'><strong>intentionem</strong></span> <span class='ocrx_word' id='word_1_129' title='bbox 851 2722 1001 2787; x_wconf 84' lang='lat' dir='ltr'><strong>nostram</strong></span> <span class='ocrx_word' id='word_1_130' title='bbox 1013 2714 1239 2808; x_wconf 87' lang='lat' dir='ltr'><strong>quodeadem</strong></span> <span class='ocrx_word' id='word_1_131' title='bbox 1254 2715 1480 2807; x_wconf 86' lang='lat' dir='ltr'><strong>Trajectensis</strong></span> <span class='ocrx_word' id='word_1_132' title='bbox 1494 2715 1693 2790; x_wconf 85' lang='lat' dir='ltr'><strong>ecclesiuad</strong></span> <span class='ocrx_word' id='word_1_133' title='bbox 1707 2733 1770 2787; x_wconf 89' lang='lat' dir='ltr'><strong>nos</strong></span> <span class='ocrx_word' id='word_1_134' title='bbox 1780 2723 1814 2786; x_wconf 91' lang='lat' dir='ltr'><strong>et</strong></span> <span class='ocrx_word' id='word_1_135' title='bbox 1827 2715 2021 2809; x_wconf 89' lang='lat' dir='ltr'><strong>imperium,</strong></span> 
     </span>
     <span class='ocr_line' id='line_1_17' title="bbox 616 2819 2025 2933; baseline 0.001 -25"><span class='ocrx_word' id='word_1_136' title='bbox 616 2836 835 2910; x_wconf 86' lang='lat' dir='ltr'><strong>nullomodo</strong></span> <span class='ocrx_word' id='word_1_137' title='bbox 850 2837 917 2909; x_wconf 92' lang='lat' dir='ltr'><strong>sibi</strong></span> <span class='ocrx_word' id='word_1_138' title='bbox 937 2837 1140 2933; x_wconf 70' lang='lat' dir='ltr'><strong>pertineret,</strong></span> <span class='ocrx_word' id='word_1_139' title='bbox 1167 2837 1263 2912; x_wconf 89' lang='lat' dir='ltr'><strong>diem</strong></span> <span class='ocrx_word' id='word_1_140' title='bbox 1281 2848 1316 2911; x_wconf 89' lang='lat' dir='ltr'><strong>et</strong></span> <span class='ocrx_word' id='word_1_141' title='bbox 1339 2839 1454 2910; x_wconf 87' lang='lat' dir='ltr'><strong>locum</strong></span> <span class='ocrx_word' id='word_1_142' title='bbox 1479 2837 1782 2933; x_wconf 85' lang='lat' dir='ltr'><strong>eidem‘episcopo</strong></span> <span class='ocrx_word' id='word_1_143' title='bbox 1796 2819 2025 2932; x_wconf 82' lang='lat' dir='ltr'><strong>peremptorie</strong></span> 
     </span>
     <span class='ocr_line' id='line_1_18' title="bbox 617 2958 2025 3056; baseline 0.001 -24"><span class='ocrx_word' id='word_1_144' title='bbox 617 2960 879 3056; x_wconf 84' lang='lat' dir='ltr'><strong>prolixissemus</strong></span> <span class='ocrx_word' id='word_1_145' title='bbox 893 2969 928 3034; x_wconf 92' lang='lat' dir='ltr'><strong>et</strong></span> <span class='ocrx_word' id='word_1_146' title='bbox 940 2961 1127 3056; x_wconf 88' lang='lat' dir='ltr'><strong>plurimum</strong></span> <span class='ocrx_word' id='word_1_147' title='bbox 1140 2961 1255 3034; x_wconf 87' lang='lat' dir='ltr'><strong>eidem</strong></span> <span class='ocrx_word' id='word_1_148' title='bbox 1277 2960 1521 3034; x_wconf 87' lang='lat' dir='ltr'><strong>detulissemus</strong></span> <span class='ocrx_word' id='word_1_149' title='bbox 1543 2982 1588 3034; x_wconf 93' lang='lat' dir='ltr'><strong>ne</strong></span> <span class='ocrx_word' id='word_1_150' title='bbox 1618 2969 1735 3034; x_wconf 87' lang='lat' dir='ltr'><strong>contra</strong></span> <span class='ocrx_word' id='word_1_151' title='bbox 1758 2961 1872 3054; x_wconf 89' lang='lat' dir='ltr'><strong>ipsum</strong></span> <span class='ocrx_word' id='word_1_152' title='bbox 1889 2958 2025 3033; x_wconf 82' lang='lat' dir='ltr'><strong>videre·</strong></span> 
     </span>
     <span class='ocr_line' id='line_1_19' title="bbox 617 3063 2025 3180; baseline -0.004 -23"><span class='ocrx_word' id='word_1_153' title='bbox 617 3104 696 3157; x_wconf 88' lang='lat' dir='ltr'><strong>mur</strong></span> <span class='ocrx_word' id='word_1_154' title='bbox 712 3102 916 3180; x_wconf 88' lang='lat' dir='ltr'><strong>properare;</strong></span> <span class='ocrx_word' id='word_1_155' title='bbox 942 3083 1027 3178; x_wconf 87' lang='lat' dir='ltr'><strong>quia</strong></span> <span class='ocrx_word' id='word_1_156' title='bbox 1043 3083 1182 3156; x_wconf 83' lang='lat' dir='ltr'><strong>tandem</strong></span> <span class='ocrx_word' id='word_1_157' title='bbox 1199 3080 1296 3179; x_wconf 89' lang='lat' dir='ltr'><strong>apud</strong></span> <span class='ocrx_word' id='word_1_158' title='bbox 1306 3084 1485 3174; x_wconf 78' lang='lat' dir='ltr'><strong>buteram,</strong></span> <span class='ocrx_word' id='word_1_159' title='bbox 1505 3102 1584 3155; x_wconf 90' lang='lat' dir='ltr'><strong>curn</strong></span> <span class='ocrx_word' id='word_1_160' title='bbox 1598 3063 1713 3156; x_wconf 75' lang='lat' dir='ltr'><strong>dilecti</strong></span> <span class='ocrx_word' id='word_1_161' title='bbox 1729 3082 1898 3178; x_wconf 84' lang='lat' dir='ltr'><strong>capellani</strong></span> <span class='ocrx_word' id='word_1_162' title='bbox 1920 3081 2025 3154; x_wconf 91' lang='lat' dir='ltr'><strong>nostri</strong></span> 
     </span>
    </p>
   </div>
   <div class='ocr_carea' id='block_1_8' title="bbox 617 3202 2029 4659">
    <p class='ocr_par' dir='ltr' id='par_1_8' title="bbox 617 3202 2029 4659">
     <span class='ocr_line' id='line_1_20' title="bbox 618 3202 2024 3303; baseline -0.001 -24"><span class='ocrx_word' id='word_1_163' title='bbox 618 3207 774 3279; x_wconf 86' lang='lat' dir='ltr'><strong>canonici</strong></span> <span class='ocrx_word' id='word_1_164' title='bbox 792 3208 1104 3300; x_wconf 84' lang='lat' dir='ltr'><strong>Trajectensesjam</strong></span> <span class='ocrx_word' id='word_1_165' title='bbox 1116 3208 1281 3302; x_wconf 84' lang='lat' dir='ltr'><strong>expensis</strong></span> <span class='ocrx_word' id='word_1_166' title='bbox 1293 3217 1329 3281; x_wconf 91' lang='lat' dir='ltr'><strong>et</strong></span> <span class='ocrx_word' id='word_1_167' title='bbox 1345 3207 1521 3282; x_wconf 82' lang='lat' dir='ltr'><strong>tuberibus</strong></span> <span class='ocrx_word' id='word_1_168' title='bbox 1534 3202 1819 3298; x_wconf 85' lang='lat' dir='ltr'><strong>exhaurirentnr,</strong></span> <span class='ocrx_word' id='word_1_169' title='bbox 1839 3227 1919 3279; x_wconf 93' lang='lat' dir='ltr'><strong>cum</strong></span> <span class='ocrx_word' id='word_1_170' title='bbox 1941 3206 2024 3303; x_wconf 87' lang='lat' dir='ltr'><strong>ipsis</strong></span> 
     </span>
     <span class='ocr_line' id='line_1_21' title="bbox 618 3327 2024 3425; baseline 0.001 -24"><span class='ocrx_word' id='word_1_171' title='bbox 618 3330 747 3421; x_wconf 84' lang='lat' dir='ltr'><strong>injure</strong></span> <span class='ocrx_word' id='word_1_172' title='bbox 765 3327 887 3402; x_wconf 87' lang='lat' dir='ltr'><strong>deesse</strong></span> <span class='ocrx_word' id='word_1_173' title='bbox 905 3350 975 3401; x_wconf 94' lang='lat' dir='ltr'><strong>non</strong></span> <span class='ocrx_word' id='word_1_174' title='bbox 990 3349 1167 3425; x_wconf 84' lang='lat' dir='ltr'><strong>possemm</strong></span> <span class='ocrx_word' id='word_1_175' title='bbox 1184 3331 1222 3401; x_wconf 91' lang='lat' dir='ltr'><strong>in</strong></span> <span class='ocrx_word' id='word_1_176' title='bbox 1239 3351 1310 3425; x_wconf 92' lang='lat' dir='ltr'><strong>quo</strong></span> <span class='ocrx_word' id='word_1_177' title='bbox 1329 3351 1450 3402; x_wconf 89' lang='lat' dir='ltr'><strong>sumus</strong></span> <span class='ocrx_word' id='word_1_178' title='bbox 1468 3331 1629 3404; x_wconf 89' lang='lat' dir='ltr'><strong>omnibus</strong></span> <span class='ocrx_word' id='word_1_179' title='bbox 1647 3330 1837 3420; x_wconf 87' lang='lat' dir='ltr'><strong>debitores,</strong></span> <span class='ocrx_word' id='word_1_180' title='bbox 1864 3351 1944 3402; x_wconf 90' lang='lat' dir='ltr'><strong>cum</strong></span> <span class='ocrx_word' id='word_1_181' title='bbox 1966 3327 2024 3402; x_wconf 89' lang='lat' dir='ltr'><strong>die</strong></span> 
     </span>
     <span class='ocr_line' id='line_1_22' title="bbox 617 3451 2026 3548; baseline -0.001 -24"><span class='ocrx_word' id='word_1_182' title='bbox 617 3453 846 3546; x_wconf 85' lang='lat' dir='ltr'><strong>peremptorio</strong></span> <span class='ocrx_word' id='word_1_183' title='bbox 863 3453 957 3527; x_wconf 91' lang='lat' dir='ltr'><strong>idem</strong></span> <span class='ocrx_word' id='word_1_184' title='bbox 975 3453 1161 3548; x_wconf 86' lang='lat' dir='ltr'><strong>episcopus</strong></span> <span class='ocrx_word' id='word_1_185' title='bbox 1176 3473 1247 3526; x_wconf 92' lang='lat' dir='ltr'><strong>non</strong></span> <span class='ocrx_word' id='word_1_186' title='bbox 1269 3453 1515 3547; x_wconf 87' lang='lat' dir='ltr'><strong>comparuisset</strong></span> <span class='ocrx_word' id='word_1_187' title='bbox 1535 3475 1600 3525; x_wconf 90' lang='lat' dir='ltr'><strong>nec</strong></span> <span class='ocrx_word' id='word_1_188' title='bbox 1620 3459 1683 3546; x_wconf 79' lang='lat' dir='ltr'><strong>p&#39;ro</strong></span> <span class='ocrx_word' id='word_1_189' title='bbox 1705 3473 1743 3525; x_wconf 88' lang='lat' dir='ltr'><strong>se</strong></span> <span class='ocrx_word' id='word_1_190' title='bbox 1754 3454 1905 3545; x_wconf 87' lang='lat' dir='ltr'><strong>jurasset</strong></span> <span class='ocrx_word' id='word_1_191' title='bbox 1926 3451 2026 3524; x_wconf 83' lang='lat' dir='ltr'><strong>exbi-</strong></span> 
     </span>
     <span class='ocr_line' id='line_1_23' title="bbox 618 3573 2021 3671; baseline -0.002 -23"><span class='ocrx_word' id='word_1_192' title='bbox 618 3573 702 3648; x_wconf 88' lang='lat' dir='ltr'><strong>bere</strong></span> <span class='ocrx_word' id='word_1_193' title='bbox 719 3575 763 3669; x_wconf 73' lang='lat' dir='ltr'><strong>(l)</strong></span> <span class='ocrx_word' id='word_1_194' title='bbox 776 3577 1027 3670; x_wconf 81' lang='lat' dir='ltr'><strong>responsalem,</strong></span> <span class='ocrx_word' id='word_1_195' title='bbox 1047 3575 1199 3649; x_wconf 82' lang='lat' dir='ltr'><strong>dictante</strong></span> <span class='ocrx_word' id='word_1_196' title='bbox 1212 3577 1380 3649; x_wconf 87' lang='lat' dir='ltr'><strong>sententia</strong></span> <span class='ocrx_word' id='word_1_197' title='bbox 1392 3577 1586 3671; x_wconf 87' lang='lat' dir='ltr'><strong>principum</strong></span> <span class='ocrx_word' id='word_1_198' title='bbox 1605 3583 1639 3648; x_wconf 89' lang='lat' dir='ltr'><strong>et</strong></span> <span class='ocrx_word' id='word_1_199' title='bbox 1654 3585 1853 3670; x_wconf 79' lang='lat' dir='ltr'><strong>magnatum</strong></span> <span class='ocrx_word' id='word_1_200' title='bbox 1866 3575 2021 3669; x_wconf 90' lang='lat' dir='ltr'><strong>imperii,</strong></span> 
     </span>
     <span class='ocr_line' id='line_1_24' title="bbox 617 3697 2026 3795; baseline -0.001 -24"><span class='ocrx_word' id='word_1_201' title='bbox 617 3700 676 3792; x_wconf 87' lang='lat' dir='ltr'><strong>jus</strong></span> <span class='ocrx_word' id='word_1_202' title='bbox 691 3699 786 3793; x_wconf 91' lang='lat' dir='ltr'><strong>quod</strong></span> <span class='ocrx_word' id='word_1_203' title='bbox 803 3699 897 3772; x_wconf 91' lang='lat' dir='ltr'><strong>idem</strong></span> <span class='ocrx_word' id='word_1_204' title='bbox 911 3700 1093 3795; x_wconf 89' lang='lat' dir='ltr'><strong>episcopus</strong></span> <span class='ocrx_word' id='word_1_205' title='bbox 1110 3699 1178 3771; x_wconf 89' lang='lat' dir='ltr'><strong>sibi</strong></span> <span class='ocrx_word' id='word_1_206' title='bbox 1195 3699 1332 3772; x_wconf 89' lang='lat' dir='ltr'><strong>dicebat</strong></span> <span class='ocrx_word' id='word_1_207' title='bbox 1344 3705 1536 3795; x_wconf 88' lang='lat' dir='ltr'><strong>competere</strong></span> <span class='ocrx_word' id='word_1_208' title='bbox 1551 3699 1587 3769; x_wconf 90' lang='lat' dir='ltr'><strong>in</strong></span> <span class='ocrx_word' id='word_1_209' title='bbox 1602 3699 1745 3771; x_wconf 85' lang='lat' dir='ltr'><strong>ecclesia</strong></span> <span class='ocrx_word' id='word_1_210' title='bbox 1761 3707 1947 3770; x_wconf 87' lang='lat' dir='ltr'><strong>memorata</strong></span> <span class='ocrx_word' id='word_1_211' title='bbox 1961 3697 2026 3792; x_wconf 88' lang='lat' dir='ltr'><strong>ipsi</strong></span> 
     </span>
     <span class='ocr_line' id='line_1_25' title="bbox 620 3821 2027 3920; baseline -0.002 -23"><span class='ocrx_word' id='word_1_212' title='bbox 620 3825 783 3920; x_wconf 87' lang='lat' dir='ltr'><strong>episcopo</strong></span> <span class='ocrx_word' id='word_1_213' title='bbox 802 3834 838 3897; x_wconf 91' lang='lat' dir='ltr'><strong>et</strong></span> <span class='ocrx_word' id='word_1_214' title='bbox 858 3846 923 3897; x_wconf 90' lang='lat' dir='ltr'><strong>sue</strong></span> <span class='ocrx_word' id='word_1_215' title='bbox 943 3824 1089 3898; x_wconf 89' lang='lat' dir='ltr'><strong>ecclesie</strong></span> <span class='ocrx_word' id='word_1_216' title='bbox 1109 3824 1406 3917; x_wconf 85' lang='lat' dir='ltr'><strong>abjudicessemus</strong></span> <span class='ocrx_word' id='word_1_217' title='bbox 1424 3833 1458 3897; x_wconf 91' lang='lat' dir='ltr'><strong>et</strong></span> <span class='ocrx_word' id='word_1_218' title='bbox 1483 3823 1519 3894; x_wconf 91' lang='lat' dir='ltr'><strong>in</strong></span> <span class='ocrx_word' id='word_1_219' title='bbox 1542 3823 1705 3917; x_wconf 85' lang='lat' dir='ltr'><strong>expensis</strong></span> <span class='ocrx_word' id='word_1_220' title='bbox 1720 3821 1818 3894; x_wconf 88' lang='lat' dir='ltr'><strong>lactis</strong></span> <span class='ocrx_word' id='word_1_221' title='bbox 1835 3843 1857 3894; x_wconf 85' lang='lat' dir='ltr'><strong>a</strong></span> <span class='ocrx_word' id='word_1_222' title='bbox 1875 3831 2027 3916; x_wconf 89' lang='lat' dir='ltr'><strong>tempore</strong></span> 
     </span>
     <span class='ocr_line' id='line_1_26' title="bbox 621 3945 2027 4043; baseline -0.005 -23"><span class='ocrx_word' id='word_1_223' title='bbox 621 3949 757 4043; x_wconf 88' lang='lat' dir='ltr'><strong>incepte</strong></span> <span class='ocrx_word' id='word_1_224' title='bbox 775 3949 862 4040; x_wconf 91' lang='lat' dir='ltr'><strong>litis,</strong></span> <span class='ocrx_word' id='word_1_225' title='bbox 880 3957 1018 4022; x_wconf 87' lang='lat' dir='ltr'><strong>centurn</strong></span> <span class='ocrx_word' id='word_1_226' title='bbox 1029 3948 1193 4022; x_wconf 86' lang='lat' dir='ltr'><strong>videboet</strong></span> <span class='ocrx_word' id='word_1_227' title='bbox 1205 3949 1331 4020; x_wconf 83' lang='lat' dir='ltr'><strong>mercis</strong></span> <span class='ocrx_word' id='word_1_228' title='bbox 1349 3945 1607 4020; x_wconf 73' lang='lat' dir='ltr'><strong>coloniensibus</strong></span> <span class='ocrx_word' id='word_1_229' title='bbox 1623 3967 1711 4040; x_wconf 88' lang='lat' dir='ltr'><strong>quus</strong></span> <span class='ocrx_word' id='word_1_230' title='bbox 1722 3966 1784 4041; x_wconf 93' lang='lat' dir='ltr'><strong>per</strong></span> <span class='ocrx_word' id='word_1_231' title='bbox 1795 3945 2027 4036; x_wconf 87' lang='lat' dir='ltr'><strong>juramentum</strong></span> 
     </span>
     <span class='ocr_line' id='line_1_27' title="bbox 622 4067 2026 4167; baseline -0.003 -23"><span class='ocrx_word' id='word_1_232' title='bbox 622 4070 848 4144; x_wconf 85' lang='lat' dir='ltr'><strong>ostenderunt</strong></span> <span class='ocrx_word' id='word_1_233' title='bbox 865 4071 950 4144; x_wconf 93' lang='lat' dir='ltr'><strong>dicti</strong></span> <span class='ocrx_word' id='word_1_234' title='bbox 963 4072 1118 4144; x_wconf 89' lang='lat' dir='ltr'><strong>canonici</strong></span> <span class='ocrx_word' id='word_1_235' title='bbox 1139 4093 1179 4144; x_wconf 92' lang='lat' dir='ltr'><strong>se</strong></span> <span class='ocrx_word' id='word_1_236' title='bbox 1196 4071 1405 4167; x_wconf 84' lang='lat' dir='ltr'><strong>expendisse</strong></span> <span class='ocrx_word' id='word_1_237' title='bbox 1427 4071 1604 4143; x_wconf 83' lang='lat' dir='ltr'><strong>taxatione</strong></span> <span class='ocrx_word' id='word_1_238' title='bbox 1627 4069 1797 4162; x_wconf 76' lang='lat' dir='ltr'><strong>legitima,</strong></span> <span class='ocrx_word' id='word_1_239' title='bbox 1822 4069 1937 4164; x_wconf 88' lang='lat' dir='ltr'><strong>ipsum</strong></span> <span class='ocrx_word' id='word_1_240' title='bbox 1954 4067 2026 4162; x_wconf 92' lang='lat' dir='ltr'><strong>epi·</strong></span> 
     </span>
     <span class='ocr_line' id='line_1_28' title="bbox 623 4189 2029 4291; baseline -0.003 -25"><span class='ocrx_word' id='word_1_241' title='bbox 623 4189 1013 4291; x_wconf 85' lang='lat' dir='ltr'><strong>soopumdux[er]imns</strong></span> <span class='ocrx_word' id='word_1_242' title='bbox 1026 4193 1328 4268; x_wconf 86' lang='lat' dir='ltr'><strong>condemnandum</strong></span> <span class='ocrx_word' id='word_1_243' title='bbox 1340 4193 1394 4290; x_wconf 89' lang='lat' dir='ltr'><strong>(l)</strong></span> <span class='ocrx_word' id='word_1_244' title='bbox 1408 4203 1442 4268; x_wconf 91' lang='lat' dir='ltr'><strong>et</strong></span> <span class='ocrx_word' id='word_1_245' title='bbox 1454 4192 1715 4267; x_wconf 85' lang='lat' dir='ltr'><strong>mandassemus</strong></span> <span class='ocrx_word' id='word_1_246' title='bbox 1728 4191 1840 4265; x_wconf 90' lang='lat' dir='ltr'><strong>eidem</strong></span> <span class='ocrx_word' id='word_1_247' title='bbox 1853 4201 1893 4263; x_wconf 93' lang='lat' dir='ltr'><strong>ut</strong></span> <span class='ocrx_word' id='word_1_248' title='bbox 1905 4211 1926 4263; x_wconf 85' lang='lat' dir='ltr'><strong>a</strong></span> <span class='ocrx_word' id='word_1_249' title='bbox 1937 4199 2029 4263; x_wconf 90' lang='lat' dir='ltr'><strong>mota</strong></span> 
     </span>
     <span class='ocr_line' id='line_1_29' title="bbox 622 4315 2029 4411; baseline -0.004 -19"><span class='ocrx_word' id='word_1_250' title='bbox 622 4317 809 4392; x_wconf 83' lang='lat' dir='ltr'><strong>vexatione</strong></span> <span class='ocrx_word' id='word_1_251' title='bbox 826 4318 1082 4411; x_wconf 88' lang='lat' dir='ltr'><strong>conquiesceret</strong></span> <span class='ocrx_word' id='word_1_252' title='bbox 1103 4319 1247 4391; x_wconf 89' lang='lat' dir='ltr'><strong>ecclesie</strong></span> <span class='ocrx_word' id='word_1_253' title='bbox 1273 4326 1459 4390; x_wconf 88' lang='lat' dir='ltr'><strong>memorate</strong></span> <span class='ocrx_word' id='word_1_254' title='bbox 1479 4325 1513 4390; x_wconf 90' lang='lat' dir='ltr'><strong>et</strong></span> <span class='ocrx_word' id='word_1_255' title='bbox 1539 4315 1722 4410; x_wconf 85' lang='lat' dir='ltr'><strong>pecuniam</strong></span> <span class='ocrx_word' id='word_1_256' title='bbox 1740 4315 1891 4388; x_wconf 88' lang='lat' dir='ltr'><strong>solveret</strong></span> <span class='ocrx_word' id='word_1_257' title='bbox 1908 4334 2029 4410; x_wconf 87' lang='lat' dir='ltr'><strong>preno-</strong></span> 
     </span>
     <span class='ocr_line' id='line_1_30' title="bbox 623 4437 2028 4538; baseline -0.003 -25"><span class='ocrx_word' id='word_1_258' title='bbox 623 4449 752 4530; x_wconf 86' lang='lat' dir='ltr'><strong>tatam;</strong></span> <span class='ocrx_word' id='word_1_259' title='bbox 770 4440 852 4533; x_wconf 88' lang='lat' dir='ltr'><strong>quia</strong></span> <span class='ocrx_word' id='word_1_260' title='bbox 870 4461 954 4513; x_wconf 81' lang='lat' dir='ltr'><strong>vero</strong></span> <span class='ocrx_word' id='word_1_261' title='bbox 969 4440 1082 4513; x_wconf 92' lang='lat' dir='ltr'><strong>dictus</strong></span> <span class='ocrx_word' id='word_1_262' title='bbox 1096 4442 1278 4538; x_wconf 88' lang='lat' dir='ltr'><strong>episeopus</strong></span> <span class='ocrx_word' id='word_1_263' title='bbox 1298 4441 1500 4514; x_wconf 86' lang='lat' dir='ltr'><strong>mandatum</strong></span> <span class='ocrx_word' id='word_1_264' title='bbox 1517 4449 1671 4512; x_wconf 88' lang='lat' dir='ltr'><strong>nostrum</strong></span> <span class='ocrx_word' id='word_1_265' title='bbox 1695 4460 1764 4511; x_wconf 92' lang='lat' dir='ltr'><strong>non</strong></span> <span class='ocrx_word' id='word_1_266' title='bbox 1786 4439 1922 4512; x_wconf 88' lang='lat' dir='ltr'><strong>curavit</strong></span> <span class='ocrx_word' id='word_1_267' title='bbox 1944 4437 2028 4512; x_wconf 85' lang='lat' dir='ltr'><strong>buc·</strong></span> 
     </span>
     <span class='ocr_line' id='line_1_31' title="bbox 623 4560 2025 4659; baseline -0.002 -24"><span class='ocrx_word' id='word_1_268' title='bbox 623 4573 725 4635; x_wconf 89' lang='lat' dir='ltr'><strong>tenus</strong></span> <span class='ocrx_word' id='word_1_269' title='bbox 742 4562 949 4659; x_wconf 88' lang='lat' dir='ltr'><strong>adimplere,</strong></span> <span class='ocrx_word' id='word_1_270' title='bbox 970 4585 1015 4637; x_wconf 91' lang='lat' dir='ltr'><strong>ne</strong></span> <span class='ocrx_word' id='word_1_271' title='bbox 1028 4563 1072 4637; x_wconf 92' lang='lat' dir='ltr'><strong>de</strong></span> <span class='ocrx_word' id='word_1_272' title='bbox 1083 4564 1175 4637; x_wconf 88' lang='lat' dir='ltr'><strong>illata</strong></span> <span class='ocrx_word' id='word_1_273' title='bbox 1187 4565 1288 4637; x_wconf 91' lang='lat' dir='ltr'><strong>nobis</strong></span> <span class='ocrx_word' id='word_1_274' title='bbox 1303 4560 1597 4656; x_wconf 87' lang='lat' dir='ltr'><strong>injuriavideatur</strong></span> <span class='ocrx_word' id='word_1_275' title='bbox 1610 4560 1829 4635; x_wconf 92' lang='lat' dir='ltr'><strong>commodum</strong></span> <span class='ocrx_word' id='word_1_276' title='bbox 1841 4569 2025 4656; x_wconf 87' lang='lat' dir='ltr'><strong>reportare,</strong></span> 
     </span>
    </p>
   </div>
   <div class='ocr_carea' id='block_1_9' title="bbox 1311 4739 1552 4750">
    <p class='ocr_par' dir='ltr' id='par_1_9' title="bbox 1311 4739 1552 4750">
     <span class='ocr_line' id='line_1_32' title="bbox 1311 4739 1552 4750; baseline -0.012 0"><span class='ocrx_word' id='word_1_277' title='bbox 1311 4739 1552 4750; x_wconf 58' lang='lat' dir='ltr'><em>m...-</em></span> 
     </span>
    </p>
   </div>
   <div class='ocr_carea' id='block_1_10' title="bbox 659 4811 971 4888">
    <p class='ocr_par' dir='ltr' id='par_1_10' title="bbox 659 4811 971 4888">
     <span class='ocr_line' id='line_1_33' title="bbox 659 4811 971 4888; baseline 0.006 -19"><span class='ocrx_word' id='word_1_278' title='bbox 659 4812 694 4888; x_wconf 78' lang='lat' dir='ltr'><strong>(tl</strong></span> <span class='ocrx_word' id='word_1_279' title='bbox 713 4811 753 4872; x_wconf 65' lang='grc' dir='ltr'><strong>(Ἰ.</strong></span> <span class='ocrx_word' id='word_1_280' title='bbox 768 4829 858 4888; x_wconf 84' lang='lat' dir='ltr'><strong>snpra,</strong></span> <span class='ocrx_word' id='word_1_281' title='bbox 867 4830 896 4888; x_wconf 89' lang='lat' dir='ltr'><strong>p.</strong></span> <span class='ocrx_word' id='word_1_282' title='bbox 909 4815 971 4872; x_wconf 84' lang='lat' dir='ltr'><strong>ott.</strong></span> 
     </span>
    </p>
   </div>
   <div class='ocr_carea' id='block_1_11' title="bbox 0 0 2447 6356">
    <p class='ocr_par' dir='ltr' id='par_1_11' title="bbox 0 0 2447 6356">
     <span class='ocr_line' id='line_1_34' title="bbox 0 0 2447 6356; baseline 0 0"><span class='ocrx_word' id='word_1_283' title='bbox 0 0 2447 6356; x_wconf 95' lang='lat' dir='ltr'><strong> </strong></span> 
     </span>
    </p>
   </div>
  </div>
 </body>
</html>
