4859 6359
369 775 468 836 laum
485 772 529 857 9.]
828 770 1026 834 HISTORIA
1049 769 1342 834 ntetortltucll.
1721 775 1778 838 831

367 931 441 1004 que
458 909 525 982 sub
542 908 685 982 walo
698 905 809 1001 gralia
824 917 939 981 nostre
955 907 1182 981 familiaribus
1200 905 1382 980 antedictis
1398 903 1641 980 mandavimus
1652 909 1779 984 obser-

369 1032 460 1105 vari.
487 1033 528 1105 ln
552 1039 721 1126 quantum
747 1030 850 1103 etiam
874 1031 1015 1104 moleste
1035 1053 1199 1126 gmamrrs
1220 1031 1355 1103 illorum
1377 1029 1551 1125 nequitias
1574 1032 1635 1126 qni
1664 1044 1781 1109 onnus
1853 1039 1860 1052 ’

371 1153 490 1229 federa
510 1155 607 1250 pacis
630 1153 720 1227 inter
742 1153 930 1226 Ecclesiam
957 1164 992 1228 et
1016 1175 1081 1228 nos
1100 1155 1186 1228 inite
1203 1156 1384 1228 venientes
1407 1154 1604 1250 opinionem
1629 1166 1782 1230 neuram

369 1280 424 1352 sic
440 1279 624 1352 enormitas
641 1275 759 1352 ledere
773 1277 974 1371 moliuntur,
988 1300 1061 1352 non
1081 1279 1177 1375 priua
1195 1279 1298 1352 vobis
1315 1277 1536 1352 scribendum
1551 1279 1704 1352 vidimus
1719 1281 1781 1353 ali·

371 1401 459 1496 quid
474 1423 581 1497 quam
596 1399 767 1493 juditium
791 1401 946 1475 vindicte
968 1400 1139 1496 significet
1154 1403 1373 1476 manifestum
1390 1401 1559 1474 ἱιιῶοἰιιω
1578 1404 1776 1477 voluntatis

371 1526 461 1599 lllud
477 1535 594 1599 umen
610 1533 724 1598 tacere
741 1547 811 1598 nnn
826 1547 1024 1620 possumus,
1039 1525 1135 1620 qnod
1152 1546 1293 1620 prorsus
1309 1547 1330 1597 a
1347 1547 1432 1598 sana
1448 1524 1569 1598 debuit
1582 1525 1780 1600 mnsidera·

371 1649 466 1722 done
491 1647 672 1723 disoedera
696 1669 762 1721 uos
783 1657 903 1721 eontra
930 1669 1032 1722 omne
1044 1651 1103 1742 jnr
1130 1649 1288 1743 genti-mn
1312 1648 1397 1721 tanti
1418 1647 1584 1722 bunone
1611 1650 1682 1724 lora
1703 1652 1779 1724 lan·

372 1781 464 1845 tores
479 1781 519 1844 ut
535 1772 671 1844 iturum
681 1771 981 1845 dissimulamus
995 1773 1153 1866 injurias,
1176 1795 1266 1867 quos
1281 1771 1398 1846 delere
1416 1771 1461 1846 da
1478 1773 1565 1848 libro
1584 1774 1778 1849 virentium

371 1917 421 1970 ex
434 1896 538 1990 justis
551 1905 586 1968 et
597 1895 908 1968 innumerabilibus
918 1897 1032 1968 musis
1045 1896 1337 1992 irreprehensibili
1351 1896 1481 1970 ratione
1496 1919 1689 1992 possemm.
1708 1902 1779 1975 Nec

370 2018 439 2092 boc
455 2018 558 2092 etiam
580 2017 787 2090 ciritateset
804 2019 879 2092 laea
898 2025 1068 2090 tmtantur
1081 2041 1172 2114 qne,
1192 2019 1271 2092 lieet
1291 2028 1449 2114 tempore
1471 2019 1639 2093 adamatis
1650 2044 1778 2117 sopra·

369 2143 457 2218 diali
474 2142 575 2216 robis
590 2142 808 2234 mertui,
827 2143 864 2214 in
881 2151 996 2215 nostra
1019 2151 1134 2216 tamen
1156 2143 1266 2238 gratia
1287 2151 1449 2216 resumta
1471 2145 1647 2216 commum
1660 2145 1780 2240 quiete

371 2267 481 2340 nostri
506 2265 684 2361 regiminis
713 2264 855 2361 pacifice
879 2267 1114 2362 perfruuntur.
1145 2267 1283 2340 illorum
1310 2275 1466 2361 preterea
1493 2267 1683 2342 inveterata
1707 2272 1779 2362 jam

370 2391 490 2466 nbula
504 2391 609 2464 silere
624 2390 769 2464 deberat
790 2411 853 2485 per
866 2411 974 2485 quam
994 2389 1041 2463 ob
1057 2391 1175 2463 ruinas
1192 2390 1433 2483 scommatum,
1452 2390 1498 2464 de
1517 2391 1646 2488 mribus
1666 2393 1780 2466 omnis

369 2515 514 2589 anellis
540 2515 637 2588 abest
663 2515 800 2607 notitia,
834 2523 920 2589 teste
943 2517 1036 2605 Deo,
1061 2524 1095 2588 et
1117 2516 1163 2588 ab
1187 2517 1450 2588 Saracenorum
1474 2515 1509 2587 iu
1530 2515 1657 2612 Apulia
1678 2539 1780 2591 man-

370 2639 519 2728 sionem,
533 2639 629 2735 apud
647 2660 711 2712 vos
725 2648 760 2712 at
773 2638 961 2712 Ecclesiam
978 2637 1022 2712 de
1037 2637 1258 2712 indevotione
1271 2647 1442 2711 nummus.
1459 2638 1528 2712 Sed
1537 2638 1632 2734 quod
1646 2662 1668 2712 a
1684 2649 1781 2736 patre

369 2782 477 2855 quem
495 2781 600 2834 eausa
625 2770 740 2834 nostre
760 2759 930 2853 justitiam
954 2761 1095 2834 minima
1124 2761 1230 2833 latere
1257 2760 1485 2854 credidimus,
1513 2761 1559 2834 de
1583 2764 1780 2836 &maceriis

372 2883 458 2980 ipsis
471 2883 539 2956 luit
552 2883 754 2978 hujusmodi
767 2885 910 2977 mentio,
927 2906 999 2958 nou
1018 2885 1133 2958 mirari
1151 2884 1367 2958 solummodo
1382 2885 1551 2980 cogimur,
1566 2885 1630 2958 aad
1644 2885 1776 2979 dolere,

372 3005 458 3080 dnm
475 3005 606 3081 exinde
623 3007 775 3104 palimnr
787 3008 918 3100 injuste
942 3007 1196 3102 redargutionis
1219 3009 1358 3084 aculeos
1378 3007 1474 3082 unde
1491 3009 1694 3105 putavimus
1713 3009 1780 3084 de·

369 3129 444 3204 hita
462 3131 571 3226 glorie
592 3133 764 3228 premium
779 3141 969 3228 reportare.
988 3132 1090 3218 Quod
1113 3133 1206 3206 enirn
1226 3155 1296 3206 non
1313 3133 1389 3206 aine
1412 3133 1519 3206 multo
1535 3133 1651 3206 labore
1672 3135 1779 3207 nostri

371 3255 523 3350 eorporis
546 3256 648 3330 eb’am
674 3265 710 3330 at
730 3264 928 3330 corborum
953 3255 1108 3330 fidelium
1131 3257 1297 3352 vpericulis
1317 3266 1353 3330 et
1374 3257 1540 3353 expensis
1561 3279 1586 3330 e
1608 3258 1781 3331 monario

368 3379 487 3452 Sicilie
502 3379 766 3454 Sarracenorum
784 3381 996 3455 removimus
1011 3379 1215 3474 incolatum,
1234 3381 1296 3453 nbi
1318 3379 1437 3477 plures
1453 3380 1657 3454 christianos
1674 3403 1780 3477 qnam

372 3501 477 3576 bodie
503 3503 615 3576 insula
637 3503 792 3600 predicta
810 3505 1000 3595 contineat,
1028 3504 1182 3600 ipserum
1208 3505 1373 3599 iniquitas
1396 3505 1588 3596 interemit,
1617 3505 1712 3602 ipsos
1744 3506 1780 3577 in

371 3623 488 3698 madia
511 3624 772 3700 christianorum
802 3627 944 3724 planitie
974 3628 1195 3718 collocantes,
1226 3628 1406 3701 utilitatem
1430 3626 1630 3721 hujusmodi
1659 3651 1780 3701 snmus

371 3749 507 3845 experti
537 3749 633 3846 quod
668 3750 753 3824 dum
781 3752 1025 3824 catholicorum
1062 3751 1216 3846 qnotidie
1243 3748 1460 3824 instruontur
1483 3752 1670 3846 exemplis,
1695 3749 1779 3824 dnm

372 3872 523 3968 ipsorum
545 3873 666 3950 sedula
685 3876 833 3950 servitus
855 3874 987 3948 invidet
1005 3875 1171 3964 libertati,
1188 3875 1248 3947 loti
1267 3875 1360 3948 fonte
1378 3873 1592 3970 baptismatis
1606 3873 1653 3946 ad
1669 3874 1781 3946 cbris-

372 3997 541 4070 tianornm
556 3998 673 4092 ritum,
693 4010 796 4098 prout
811 4021 849 4072 se
867 3999 1012 4094 quilibet
1031 4019 1172 4071 auorum
1190 3998 1351 4070 manibus
1371 4005 1483 4093 potest
1499 3997 1645 4093 eripere,
1658 3998 1709 4089 ad
1725 4020 1782 4071 ca·

371 4119 496 4195 tbalice
515 4121 598 4196 {idei
621 4121 766 4197 redeunt
777 4124 963 4226 unitatem,
987 4121 1077 4196 adeo
1089 4124 1192 4222 qnod
1204 4123 1366 4218 primates
1386 4122 1542 4216 ipsorum
1557 4122 1622 4220 qui,
1634 4120 1781 4196 Alebadi

370 4240 547 4331 dicuntur,
570 4243 658 4318 don
681 4267 746 4320 nos
772 4256 950 4343 prepterea
972 4247 1108 4322 morari
1132 4253 1309 4342 putarent,
1332 4245 1401 4318 sub
1416 4267 1513 4341 apem
1538 4243 1656 4317 danim
1671 4246 1781 4318 noan

370 4366 468 4462 quod
488 4387 556 4442 nes
577 4370 723 4464 proinde
745 4372 818 4467 pati
841 4369 1022 4464 dicebant,
1044 4371 1145 4444 nobis
1161 4371 1202 4441 ia
1225 4369 1353 4465 Apulia
1371 4368 1681 4453 commorantibus,
1707 4369 1780 4460 jam

372 4489 508 4562 tertiam
526 4501 655 4586 partem
674 4514 792 4567 eorum
816 4494 862 4566 ab
877 4493 1031 4590 ipsorum
1049 4493 1118 4565 ritu
1136 4491 1314 4566 reductam
1332 4491 1379 4564 ad
1401 4489 1484 4565 fidei
1505 4499 1620 4563 nome
1641 4511 1782 4563 consor·

373 4610 461 4683 tium
476 4616 729 4712 querebantur,
751 4626 786 4690 at
799 4619 918 4712 procul
936 4616 1044 4691 dubio
1058 4614 1209 4690 creditur
1227 4614 1325 4711 qnod
1342 4615 1501 4688 silutura
1518 4614 1687 4710 preteritis
1701 4635 1782 4687 con·

374 4731 585 4828 formantur,
617 4761 686 4812 non
719 4750 799 4836 poat
818 4742 927 4814 multa
954 4740 1086 4814 dierum
1107 4739 1216 4834 spatia
1245 4761 1293 4812 ax
1322 4747 1392 4811 toto
1415 4737 1465 4811 de
1486 4737 1627 4831 reliquia
1646 4737 1784 4811 eveniet

375 4855 462 4930 illud
491 4859 596 4935 idem.
627 4863 785 4960 Denique
811 4865 999 4978 litterarum
1028 4871 1221 4938 vestrarum
1243 4860 1390 4936 caudam
1417 4860 1690 4936 dbsimnlatioue
1714 4882 1784 4934 nou
