4859 6359
408 2707 560 2815 Hermia,

452 2817 520 2862 mlo.

596 754 658 817 soa
1100 719 1318 831 rnrnsnrcr
1343 766 1516 831 sncornr
1812 769 1895 848 [nn.
1912 768 1999 831 raes

598 889 770 980 tersbacb,
790 889 943 965 decimas
956 892 994 965 in
1012 894 1144 970 eisdem
1161 900 1302 993 prelatis
1319 902 1449 975 villulis
1463 922 1504 974 ac
1517 900 1586 975 alia
1601 900 1692 975 bona
1710 922 1774 976 sna
1788 924 1858 997 que
1875 904 1911 975 iu
1926 924 2000 998 pre—

599 1013 687 1087 senti
699 1018 794 1107 juste
810 1024 928 1089 tenent
952 1024 987 1089 at
1003 1019 1181 1115 possident
1203 1033 1239 1097 et
1262 1024 1298 1097 in
1316 1035 1416 1099 anoea
1429 1025 1523 1117 justo
1540 1024 1776 1119 acquisitionis
1793 1026 1893 1099 titulo
1905 1035 2002 1121 pote-

598 1147 681 1209 runt
711 1137 880 1233 adipisci,
912 1140 981 1213 sub
1008 1152 1125 1217 nostra
1156 1155 1193 1219 et
1218 1146 1354 1243 imperii
1382 1147 1592 1245 protectione
1622 1148 1815 1245 recepimus
1839 1147 1997 1243 speciali3

598 1262 802 1335 mandantes
823 1272 857 1335 et
880 1264 1107 1360 precipientes
1122 1268 1337 1345 universitati
1356 1280 1470 1345 vestre
1487 1269 1629 1345 firmiter
1648 1282 1684 1345 et
1701 1270 1853 1345 districte
1871 1280 1910 1343 ut
1925 1272 2001 1343 nul·

600 1387 655 1455 lus
669 1385 714 1456 sit
730 1386 782 1478 (a)
797 1386 859 1480 qni
877 1386 1071 1483 predictum
1087 1393 1320 1487 prepositum,
1338 1404 1566 1487 conventum,
1586 1396 1833 1469 monesterium
1852 1404 1888 1467 et
1909 1395 2002 1469 bona

598 1510 753 1603 ipserum
780 1518 898 1583 eontra
928 1515 1095 1607 presentis
1129 1518 1350 1611 protectionis
1376 1528 1528 1593 tenorem
1555 1527 1682 1594 temere
1705 1519 1903 1614 perturbere
1925 1540 2003 1615 pre-

599 1643 724 1704 sumat.
744 1633 845 1718 Quod
866 1635 928 1729 qui
953 1640 1198 1733 presumpserit
1221 1640 1494 1735 indignationem
1511 1642 1618 1715 nostri
1634 1642 1795 1717 culminis
1817 1664 1855 1715 se
1870 1642 2004 1715 noverit

599 1756 795 1829 incurrisse.
821 1757 879 1831 Ad
902 1758 1007 1853 hujus
1034 1761 1085 1833 rei
1110 1764 1311 1837 memoriam
1337 1774 1372 1838 et
1399 1764 1506 1839 robur
1535 1765 1572 1838 in
1599 1777 1774 1861 posterum
1796 1766 2001 1853 valiturum,

599 1901 740 1976 presens
755 1882 922 1977 seriptum
938 1881 1012 1956 lieri
1024 1885 1192 1978 jussimus
1206 1888 1321 1982 sigillo
1339 1899 1454 1963 nostru
1478 1890 1662 1963 munitum.

647 2006 773 2077 Datum
794 2006 890 2101 apud
914 2007 1143 2103 Herbipolim,
1163 2031 1256 2085 anno
1276 2010 1448 2087 dominice
1468 2011 1712 2086 iucarnationis
1733 2011 1912 2085 millesimo
1938 2010 2004 2085 du·

600 2130 786 2203 centesimo
804 2130 974 2205 tricesimo
991 2142 1109 2226 serto,
1133 2155 1252 2209 mense
1268 2136 1370 2229 maii,
1390 2134 1485 2211 irone
1502 2136 1710 2211 indictionis.

816 2446 1787 2463 —ffl-fflfl-ffl

651 2709 887 2818 Fridericus‚·
911 2710 1173 2797 Romanorum
1205 2716 1427 2825 imperator,
1455 2716 1690 2801 abbatissam
1716 2728 1753 2801 et
1779 2725 2006 2801 conuentum

598 2842 859 2927 Porcetensem
882 2843 994 2955 juxta
1021 2846 1308 2959 Aquisgranum
1335 2874 1424 2932 cum
1446 2848 1626 2935 omnibus
1652 2848 1871 2934 monasterii
1897 2846 2007 2931 bonis

600 2974 673 3059 sub
691 3000 762 3061 sua
779 2987 816 3060 et
833 2976 983 3087 imperii
1000 2978 1231 3088 protectione
1253 2980 1396 3091 recipit.

684 3191 782 3273 (Edit.
797 3210 847 3273 ap.
861 3192 1190 3270 Lonrodlcicdaarellto,
1204 3203 1229 3261 t.
1243 3197 1356 3273 xvln,
1368 3214 1401 3276 p.
1413 3206 1529 3260 tea·
1539 3196 1635 3273 Qum,
1647 3194 1745 3261 Gsard.
1759 3212 1816 3257 aaa
1827 3190 2006 3265 Baetem

723 3300 854 3380 prat.)
1231 3329 1233 3335 1

653 3488 860 3582 Fridericus,
879 3489 941 3563 ilai
956 3490 1066 3583 gratia
1087 3490 1316 3563 Romanorum
1331 3491 1512 3585 imperator
1529 3508 1664 3585 semper
1679 3494 1865 3582 augustus,
1883 3486 2012 3575 illeru-v

606 3617 713 3689 salem
727 3622 762 3685 et
775 3612 890 3685 Sicilie
906 3634 983 3687 rer.
1003 3614 1068 3685 Per
1082 3633 1223 3708 presens
1238 3614 1404 3709 scriptum
1419 3622 1539 3687 notum
1559 3611 1632 3685 lieri
1654 3612 1816 3684 velumus
1841 3608 2012 3682 uniuersis

607 3738 770 3813 fidelibus
786 3737 912 3810 nostris
927 3738 1062 3833 imperii
1077 3746 1149 3810 tarn
1167 3736 1384 3833 presentibus
1400 3759 1506 3835 quam
1518 3737 1643 3810 futuris
1659 3734 1755 3831 quod
1766 3756 1813 3809 ex
1830 3740 1928 3831 parte
1945 3754 2012 3807 ve-

608 3862 772 3937 nerabilis
783 3860 955 3934 abbatisse
967 3869 1002 3933 et
1019 3870 1210 3935 conuentus
1225 3862 1438 3935 Porcetensie
1449 3862 1551 3955 juxta
1562 3860 1689 3956 Aquis,
1709 3858 1940 3932 cisterciensis
1952 3878 2013 3930 or-

609 3988 720 4077 dinis,
740 3984 893 4059 fidelium
915 3993 1124 4075 nestrorum,
1149 3992 1265 4061 nostre
1288 3985 1354 4059 fuit
1369 3982 1566 4061 celsitudini
1589 3984 1765 4057 humililer
1784 3982 2013 4076 supplicatum

609 4122 649 4185 ut
663 4122 733 4185 tarn
748 4111 843 4206 ipsas
856 4131 962 4204 quam
973 4109 1220 4183 monasterinm
1229 4116 1265 4183 et
1281 4108 1374 4183 bona
1386 4108 1583 4183 monasterii
1600 4106 1756 4200 ejusdem
1769 4106 1836 4178 sub
1849 4112 1967 4179 nosue
1980 4112 2015 4177 et

610 4235 745 4331 imperii
761 4234 973 4331 protectione
983 4234 1029 4307 de
1047 4242 1162 4307 nostra
1176 4229 1286 4327 gratia
1301 4232 1453 4329 recipere
1468 4231 1703 4327 dignaremur.
1720 4230 1789 4303 Nos
1805 4229 1911 4323 igitur
1924 4228 2015 4323 ipsa-

611 4382 690 4435 rum
701 4360 837 4435 devotis
852 4358 1161 4454 supplicationibus
1174 4356 1439 4433 misericorditer
1454 4366 1491 4429 et
1507 4355 1692 4450 benignius
1709 4352 1880 4443 inclinati,
1906 4349 2016 4425 dietas

613 4484 822 4559 abbatissam
851 4491 887 4555 et
912 4492 1123 4555 conventum
1151 4480 1272 4557 lideles
1299 4490 1432 4555 nosuas
1455 4490 1490 4555 et
1520 4478 1765 4553 monasterium
1794 4475 1908 4569 ipsum
1937 4492 2017 4545 cum

613 4608 776 4682 omnibus
790 4608 863 4680 suis
879 4626 951 4700 que
970 4606 1006 4677 in
1025 4606 1272 4702 presentiarum
1287 4608 1381 4699 juste
1398 4614 1491 4679 tenet
1505 4614 1540 4679 el
1556 4602 1710 4701 possidet
1725 4609 1761 4675 et
1774 4619 1845 4695 que
1861 4596 1899 4669 in
1916 4604 2016 4669 antea

656 4781 697 4865 (al
718 4784 878 4847 moneam
897 4786 1058 4847 cerdmlme
1076 4785 1231 4848 lecticam
1245 4790 1337 4847 cetra
1348 4780 1481 4865 firmiter
1496 4780 1676 4847 eandm
1691 4775 1790 4843 acta
1805 4774 1859 4851 tlt,
1879 4788 1959 4837 nunc
1978 4770 2017 4832 ed

614 4892 730 4955 ubam
744 4890 869 4953 lermam
881 4890 1059 4955 reducimus.
