4859 6359
645 729 705 790 tlt
1140 725 1354 786 rltloblllcl
1384 723 1556 785 SECUNDI
1862 725 1942 804 [Aur.
1962 727 2048 789 1235.

645 865 745 937 nobis
762 861 920 934 ostendat
938 882 978 932 se
1000 861 1046 932 ub
1069 861 1214 957 imperio
1234 861 1279 933 de
1296 863 1373 954 jure
1391 859 1532 933 babere.
1552 859 1772 954 Quicumque
1794 881 1877 934 vero
1896 871 2050 936 monetas

644 987 771 1079 injuste
784 986 944 1073 tenuerit,
962 983 1478 1080 tanquamlalsariuspuniatur.
1494 984 1633 1056 Veteres
1646 993 1761 1056 autem
1778 994 1913 1058 monete
1931 986 2050 1060 debito

643 1110 748 1182 modo
764 1119 797 1182 et
809 1111 901 1202 juste
915 1117 950 1181 et
967 1109 1211 1182 rationabiliter
1226 1109 1462 1181 observentur.
1481 1107 1626 1180 Omnem
1644 1107 1797 1181 fraudem
1817 1119 1851 1182 et
1867 1109 2047 1184 falsitatem

644 1235 681 1305 in
697 1233 844 1306 monetis
860 1231 935 1304 lieri
952 1231 1140 1305 districtius
1157 1232 1529 1326 inhibentes,'preterea
1542 1230 1755 1304 falsariorum
1770 1253 1859 1326 pene
1871 1233 2050 1326 subjecere

644 1358 862 1431 decrevimus
877 1378 997 1430 omnes
1012 1358 1088 1429 illos
1101 1357 1162 1452 qni
1177 1356 1244 1430 sibi
1261 1365 1433 1429 monetam
1451 1355 1527 1428 sive
1539 1356 1681 1428 sormam
1695 1355 1806 1428 eliens
1818 1357 2050 1452 impressionis

642 1491 823 1576 usurpant.
1959 1525 1963 1534 ·

693 1609 730 1677 8.
756 1606 806 1677 De
822 1606 984 1677 conducto
1004 1605 1206 1697 usurpando.
1225 1604 1333 1676 Stulte
1352 1613 1593 1699 presumentur
1612 1603 1730 1676 illicite
1748 1604 1808 1676 ubi
1825 1613 1969 1698 questus
1982 1607 2048 1678 im-

642 1730 795 1824 probitas
815 1729 1037 1801 bumanitetis
1061 1728 1268 1801 beneficium
1294 1728 1487 1800 actionibus
1508 1727 1700 1800 venalitatis
1712 1729 1867 1823 exponit.
1897 1729 2051 1803 tirmiter

643 1853 841 1925 iuhibemus
858 1853 999 1947 nequis
1016 1841 1227 1926 conductum
1242 1851 1345 1924 alieni
1365 1851 1481 1948 precio
1497 1852 1656 1947 prebeat,
1678 1852 1745 1924 nisi
1759 1853 1818 1945 jus
1831 1852 2050 1927 conducendi

644 1985 760 2048 teneat
777 1976 823 2047 ub
839 1976 982 2070 imperio
992 1976 1072 2067 jure
1084 1975 1223 2048 leodoli.
1313 2033 1318 2048 .

695 2098 730 2171 tl.
751 2100 800 2170 Dc
808 2101 1045 2194 pbulborport's
1063 2111 1095 2171 et
1114 2099 1351 2172 montmaoois.
1365 2097 1578 2194 Precipimus
1592 2110 1632 2171 ut
1642 2099 1864 2194 pbalborgari
1881 2100 1917 2170 in
1934 2099 2049 2171 omni-

644 2223 712 2294 bus
720 2223 917 2296 civitatibus
925 2236 996 2296 tam
1006 2224 1041 2294 iu
1051 2224 1176 2296 nostris
1184 2245 1290 2318 quem
1300 2225 1443 2296 eliorum
1452 2232 1628 2296 cessentet
1635 2232 1877 2296 removeantur
1887 2223 2047 2316 omnin03

644 2355 890 2419 montmannos
906 2347 1009 2419 etiam
1028 2347 1159 2442 ubique
1172 2369 1306 2420 cessare
1315 2349 1490 2441 jubemus.

695 2471 755 2540 lo,
782 2473 831 2541 Dc
846 2471 1047 2564 piqooubos.
1076 2473 1198 2543 Nullus
1224 2471 1375 2564 aliquem
1401 2471 1478 2544 sine
1501 2472 1702 2544 auctoritate
1722 2470 1851 2563 judicis
1875 2470 2052 2567 provincie

645 2593 829 2688 pignorare
843 2602 1033 2690 presumat.
1050 2594 1152 2679 Quod
1165 2595 1225 2688 qui
1245 2595 1361 2666 lecerit
1379 2604 1542 2689 tanquam
1555 2593 1661 2687 predo
1680 2595 1855 2688 punietur.

695 2720 755 2790 ll.
783 2721 831 2790 Dc
851 2741 937 2812 peno
958 2721 1102 2813 filiorum
1119 2721 1178 2812 qui
1194 2720 1400 2790 committunt
1424 2721 1461 2790 in
1478 2731 1609 2812 potres,
1633 2731 1664 2789 et
1686 2722 1834 2811 [umores
1854 2741 1969 2790 corum
1983 2719 2049 2814 (l).

644 2843 728 2915 Cum
746 2841 842 2940 apud
856 2863 977 2916 omnes
995 2842 1254 2937 ingratitudinis
1267 2842 1389 2913 vilium
1406 2863 1475 2914 nou
1493 2843 1570 2914 leve
1584 2841 1630 2913 sit
1643 2843 1786 2930 crimen,
1803 2851 1898 2914 tanw
1911 2844 2053 2936 gravius

645 2975 698 3038 est
714 2965 748 3036 in
766 2963 838 3037 lilio
856 2965 1070 3060 puniendum
1089 2973 1219 3061 quanto
1235 2971 1375 3059 paterne
1392 2965 1527 3058 pietutis
1546 2973 1598 3036 est
1613 2963 1809 3056 inimemor,
1830 2967 1931 3056 cujus
1948 2967 2052 3038 bene·

645 3087 724 3160 ficia
748 3089 842 3160 nollo
864 3091 977 3183 potuit
994 3089 1162 3184 obsequio
1187 3088 1244 3160 vel
1269 3087 1453 3160 devotione
1470 3087 1606 3159 mereri.
1626 3088 1697 3159 Hac
1708 3087 1813 3182 igitur
1825 3087 1963 3160 edictali
1977 3091 2054 3183 lege

646 3221 813 3307 perpetuo
834 3213 981 3285 valitura
995 3213 1183 3286 senctimns
1195 3220 1237 3283 ut
1252 3213 1463 3306 quicumque
1483 3210 1575 3282 filius
1591 3221 1723 3306 patrem
1739 3235 1842 3285 soum
1859 3214 2051 3299 decoetus,

646 3336 744 3408 terris
767 3335 888 3408 eliisve
906 3336 1184 3431 possessionibus
1202 3336 1370 3408 violenter
1392 3313 1529 3427 ejecerit
1550 3343 1612 3407 aut
1633 3335 1724 3408 bona
1748 3335 1857 3431 ipsius
1885 3336 2054 3410 incendiis

646 3459 835 3532 vastaverit
849 3459 906 3532 vel
924 3460 1055 3554 rapinis
1074 3481 1134 3532 seu
1160 3481 1240 3532 cnm
1264 3459 1413 3532 inimicis
1433 3459 1538 3554 patris
1561 3459 1662 3532 ledus
1687 3459 1818 3550 inierit,
1844 3473 2055 3533 sacramente

647 3583 704 3656 vel
722 3582 826 3655 fidem
845 3593 1001 3678 prestans
1019 3584 1055 3655 in
1071 3585 1204 3679 paterni
1221 3585 1359 3657 honoris
1377 3585 1432 3656 vel
1446 3583 1614 3657 bonorum
1625 3585 1735 3678 ipsius
1748 3605 1854 3677 grave
1868 3583 2056 3658 detrimen·

647 3716 721 3778 tum
739 3708 796 3779 vel
811 3708 1096 3798 destructionem,
1121 3707 1217 3802 quod
1239 3709 1345 3800 vulgo
1370 3706 1626 3803 verderpnusee
1649 3706 1701 3804 (a)
1722 3717 1890 3782 vocatur:
1912 3709 2056 3805 sipater

647 3850 727 3901 curn
741 3829 880 3902 dnobus
891 3829 1076 3902 virisbone
1087 3830 1260 3925 opinionis
1271 3839 1306 3902 et
1321 3830 1445 3924 integri
1463 3839 1587 3922 sutus,
1602 3829 1827 3926 synodalibus
1841 3832 2051 3917 bominibus,

647 3952 808 4024 eumdem
830 3951 940 4024 tilium
957 3951 1004 4024 de
1020 3953 1136 4047 aliquo
1154 3953 1398 4026 maleficiorum
1412 3955 1487 4047 jum
1507 3963 1786 4028 enumeratorum
1805 3975 1918 4028 corum
1933 3953 2054 4047 judice

690 4138 732 4218 (a)
749 4141 832 4202 Alios
851 4138 1056 4221 Vcrdelpmsc
1068 4149 1098 4204 et
1116 4140 1330 4222 Vordersmosc.

684 4456 722 4529 ll)
738 4456 889 4514 Notandum
904 4461 948 4514 est
957 4455 1011 4514 boo
1024 4455 1172 4531 capitulum
1182 4455 1254 4530 apud
1266 4471 1361 4514 omnes
1371 4456 1509 4514 versiones
1522 4455 1701 4531 germanicas,
1719 4471 1833 4530 quarum
1847 4457 1913 4515 ordo
1924 4456 1960 4514 ub
1972 4457 2053 4531 origi·

649 4554 702 4614 nali
716 4555 799 4612 latino
809 4554 938 4624 discedit,
956 4553 1009 4612 sub
1022 4555 1096 4612 initio
1117 4553 1314 4612 combustionis
1327 4555 1420 4612 inseri.
1435 4555 1524 4625 Quum
1542 4559 1632 4612 autern
1648 4553 1788 4612 rebellioni
1807 4555 1913 4612 llenrioi
1931 4555 2000 4628 regis
2017 4556 2054 4613 ibi

646 4653 719 4711 clere
731 4652 873 4723 alludatur,
887 4655 964 4726 cujus
976 4652 1113 4710 destitutio
1126 4652 1155 4708 in
1170 4651 1223 4709 bac
1238 4652 1297 4726 ipsa
1310 4652 1382 4709 curia
1401 4652 1555 4710 denuntiata
1570 4651 1633 4723 luit,
1653 4651 1791 4709 rebellium
1811 4666 1924 4726 poenum
1941 4651 2054 4710 filiorum

648 4751 765 4824 primurn
776 4749 864 4807 locum
877 4750 904 4805 in
917 4749 1033 4809 editione
1048 4750 1181 4810 wowoica
1195 4749 1342 4809 obtinuisse
1356 4751 1503 4822 credimus,
1520 4757 1550 4808 ut
1561 4749 1652 4825 populi
1665 4749 1810 4808 momoriae
1829 4756 1858 4807 et
1876 4750 1954 4824 qnasi
1971 4751 2055 4809 ocutis

646 4859 693 4902 res
705 4846 795 4920 aptius
806 4845 971 4918 infigeretur.
