4859 6359
652 811 712 875 566
1172 816 1344 877 fleuutct
1369 816 1536 878 stertuit
1874 821 1955 901 [An.
1972 824 2060 889 1232.

652 954 844 1028 monetam
864 945 966 1056 apud
985 946 1089 1030 Stein
1107 947 1158 1032 ab
1175 946 1336 1059 imperio
1353 947 1559 1032 tenendam
1575 956 1613 1032 et
1625 947 1736 1057 juxta
1749 954 2062 1040 consuetudinem

650 1078 910 1161 renovandam
928 1080 1111 1165 concedit.

730 1291 874 1372 (listram.
894 1296 1094 1373 potiusquam
1115 1295 1230 1358 edttnm
1246 1312 1296 1374 ep.
1311 1294 1436 1375 Mmm,
1449 1296 1504 1357 Die
1516 1297 1688 1359 bracteatas
1699 1294 1753 1362 det
1764 1294 1904 1373 Sabaeis,
1916 1316 1948 1379 p.
1963 1309 2014 1377 eo,
2027 1305 2061 1365 tn

767 1396 966 1483 Mittiteilaap.
982 1396 1189 1483 deraatiqucr.
1206 1396 1351 1484 puellari.
1366 1402 1400 1462 ia
1412 1400 1532 1483 zanca,
1543 1408 1614 1464 tom.
1629 1403 1685 1465 ΠΙ.
1695 1402 1798 1482 Usque
1805 1402 1915 1481 adhue,
1926 1406 1980 1467 sed
1992 1422 2060 1484 per·
2161 1458 2179 1476 .,

764 1520 868 1582 peram
884 1504 1012 1568 Heudco
1023 1508 1110 1569 tardo
1124 1508 1314 1589 pdvttsgtum
1326 1505 1539 1588 trtbmbetur.)

693 1690 894 1780 Heinrieus,
919 1692 982 1766 Dai
1000 1692 1111 1789 gratia
1131 1694 1364 1768 Romanorum
1383 1716 1449 1768 rex
1469 1703 1505 1767 et
1524 1715 1661 1791 semper
1678 1704 1866 1790 augustus,
1888 1696 2060 1771 universis

645 1814 780 1911 imperii
797 1813 974 1907 fidelibus,
994 1826 1077 1911 etc,
1100 1819 1247 1914 gratiam
1264 1840 1363 1893 suam
1387 1827 1422 1893 et
1444 1818 1706 1893 omnebonum.
1726 1818 1783 1894 td
1799 1820 1953 1895 notitiam
1978 1822 2058 1895 uni·

644 1959 837 2031 versorum,
856 1948 940 2031 ete,
958 1941 1120 2037 cupimus
1131 1942 1310 2037 pervenire
1322 1942 1419 2038 quod
1436 1962 1517 2034 nos,·
1531 1941 1579 2016 ad
1592 1942 1819 2017 imitationem
1833 1944 1950 2018 dilecti
1961 1945 2058 2041 geni·

643 2062 726 2135 toris
743 2063 849 2134 nostri
869 2062 1001 2136 domini
1021 2064 1254 2138 Romanorum
1276 2065 1492 2162 imperatoris
1511 2062 1582 2161 (t),
1609 2064 1735 2139 diiecto
1759 2064 1854 2140 iideii
1875 2076 1993 2141 ncsbo

643 2185 760 2259 abbati
773 2185 819 2259 de
832 2186 946 2261 Steine
964 2187 1172 2263 indulsimus
1190 2198 1364 2263 monetam
1381 2189 1477 2285 apud
1494 2189 1611 2262 Steine
1626 2210 1648 2262 a
1663 2189 1764 2263 nobis
1786 2200 1821 2264 et
1842 2190 1989 2287 imperio
2006 2200 2056 2266 te·

642 2309 793 2383 nondam
818 2320 853 2384 et
870 2310 972 2405 juxta
999 2334 1128 2385 morem
1152 2312 1309 2386 debitum
1335 2323 1371 2387 et
1391 2312 1674 2387 consuetudinem
1701 2314 1923 2410 approbatam
1948 2336 2057 2388 reno-

640 2433 816 2525 vandam,
845 2436 1144 2529 quemadmodum
1172 2436 1346 2535 principes
1372 2438 1478 2511 nostri
1503 2444 1539 2511 ct
1567 2436 1704 2535 imperii
1722 2423 1809 2511 ¹suas
1829 2438 1985 2512 monetas
2011 2438 2057 2512 de

640 2569 754 2632 nostra
775 2560 885 2653 gratia
900 2570 934 2634 et
952 2562 1177 2658 permissione
1191 2562 1282 2637 soliti
1298 2570 1379 2635 sunt
1395 2560 1624 2661 permittere(
1645 2560 1683 2657 ⁶)
1700 2572 1736 2636 et
1748 2584 1936 2655 renovare3
1957 2585 2056 2636 mau-

639 2683 774 2773 danten,
796 2671 880 2775 etc,
902 2694 936 2758 ct
951 2686 1178 2783 precipientes
1191 2696 1232 2760 ut
1249 2688 1366 2760 nullus
1389 2686 1434 2759 sit
1450 2682 1540 2786 [qni]
1556 2686 1670 2783 ipsum
1686 2684 1848 2761 abbatem
1864 2689 1901 2760 in
1919 2696 2056 2761 moneta

638 2806 705 2905 ipsi
728 2830 749 2881 a
770 2808 870 2882 nobis
891 2818 925 2882 et
950 2809 1091 2884 domino
1111 2812 1317 2909 imperatore
1341 2810 1516 2885 licentiata
1532 2819 1567 2885 et
1585 2809 1720 2884 indulta
1737 2809 1865 2917 audeat
1887 2810 2056 2907 impedire

637 2953 699 3006 seu
717 2933 942 3006 molestare...
1785 2911 1791 2927 ’

686 3058 810 3129 Datum
834 3055 931 3155 apud
954 3056 1165 3155 Sibidatum,
1195 3081 1289 3135 anno
1311 3059 1449 3134 Domini
1473 3060 1522 3133 M.
1535 3056 1785 3159 [OE.]XXXil,
1809 3058 1873 3133 XV
1890 3059 2055 3136 kalendas

637 3181 737 3274 maii,
757 3180 946 3255 indictione
963 3182 1006 3256 V.

693 3719 897 3825 Henricus,
918 3720 1180 3806 Romanorum
1200 3746 1288 3830 rex,
1307 3716 1448 3809 Sitrido
1470 3721 1750 3834 archiepiscopo
1771 3723 1995 3835 iiagtrutino
2016 3733 2055 3810 et

640 3854 819 3939 ecclesiae
845 3853 929 3965 ejus
956 3854 1157 3939 confirmat
1174 3856 1419 3940 donationem
1440 3856 1675 3966 principatus
1692 3857 1870 3942 eeclesiae
1886 3858 2049 3943 Lauris-

640 3988 761 4073 sensis
792 4014 815 4070 a
841 3996 949 4097 patre
975 4013 1045 4070 suo
1071 3988 1111 4070 in
1136 4016 1207 4072 sua
1223 3990 1436 4099 praesentia
1453 3990 1577 4075 eidem
1595 3991 1876 4103 archiepiscopo
1892 3992 2046 4075 factam.

719 4200 860 4283 (Edtdsr.
881 4201 1025 4282 somna,
1041 4204 1107 4291 tter.
1123 4202 1257 4290 Macaria.
1271 4202 1387 4284 script,
1408 4208 1434 4267 t.
1448 4204 1511 4281 111,
1533 4220 1566 4283 p.
1585 4211 1636 4267 aa.
1656 4235 1697 4251 -
1709 4203 1825 4280 Lumo,
1840 4203 2045 4276 natanta

756 4313 781 4369 t.
796 4301 879 4380 xvi,
893 4324 924 4385 p.
939 4300 989 4389 aa
1004 4302 1093 4371 ambo'
1105 4306 1207 4371 umen
1219 4312 1319 4373 mtnus
1329 4313 1461 4390 integre,
1480 4307 1651 4390 praesertim
1663 4310 1764 4390 quoad
1776 4316 1898 4375 testtum
1910 4316 2047 4389 nominem

755 4432 833 4495 quae
850 4422 952 4481 tamen
973 4420 1156 4482 restituimus
1175 4435 1212 4483 ex
1234 4418 1768 4501 eod.atnttou1.sutrgrrt.1roar..
1788 4432 1824 4483 u·
1836 4430 1907 4497 247,
1930 4422 1983 4487 tot.
2010 4428 2046 4484 15

757 4520 862 4602 neto.)

672 4760 711 4835 p)
729 4761 853 4820 rusam
868 4761 896 4818 ra
917 4762 1084 4837 perosam
1100 4765 1264 4823 moenem
1287 4724 1420 4825 surana
1443 4778 1602 4824 anuum
1620 4767 1692 4840 quoa
1712 4782 1795 4842 supra
1818 4767 2045 4838 mnarum,

637 4876 666 4935 p.
679 4861 749 4930 329,
764 4875 799 4917 an
813 4858 900 4931 atiud,
915 4861 1045 4935 temporis
1058 4868 1147 4922 tamma
1161 4864 1297 4938 ejusdem,
1311 4879 1365 4922 uon
1382 4862 1463 4939 piane
1474 4862 1584 4923 sdmus.
1598 4863 1640 4923 ct.
1655 4865 1685 4923 in
1696 4864 1899 4925 dddttcmeatia
1910 4865 1947 4923 sd
1966 4864 2047 4937 buirus

637 4954 780 5015 voluminis
791 4956 902 5015 ealcum.
