4859 6359
386 803 546 888 lentona]
839 801 1036 866 HISTORIA
1063 798 1357 864 ntenolttvtca
1743 801 1804 866 ’197

385 962 450 1037 pro
468 938 646 1014 communi
667 935 822 1012 Ferrarie
842 937 1027 1010 reformare
1055 935 1253 1010 societatem
1279 933 1469 1043 predictam
1494 934 1688 1009 secundum
1712 936 1803 1009 anti·

385 1085 498 1157 quum
517 1061 662 1136 modum
678 1069 713 1134 et
730 1061 874 1134 sormam
884 1111 895 1152 ,
916 1059 964 1133 ita
985 1057 1082 1154 quod
1105 1057 1197 1132 dicte
1214 1058 1373 1154 potestati
1389 1059 1542 1132 Ferrarie
1560 1067 1596 1132 et
1615 1059 1682 1156 ipsi
1707 1080 1802 1134 oom-

386 1188 484 1261 muni
512 1194 732 1262 reserventur
756 1205 878 1258 omnes
900 1184 993 1258 bone
1017 1183 1235 1258 conditiones
1257 1205 1329 1280 que
1350 1185 1490 1257 luerunt
1514 1194 1641 1258 statute
1666 1195 1701 1260 et
1721 1207 1800 1282 pro·

386 1311 493 1386 muse
522 1309 699 1386 communi
722 1309 877 1384 Ferrarie
901 1330 944 1383 eo
969 1317 1124 1406 tempore
1144 1308 1288 1404 quando
1315 1308 1443 1382 dictem
1469 1309 1667 1382 societatem
1688 1311 1801 1406 primo

383 1436 602 1528 juraverunt.
625 1434 668 1508 Ill
691 1432 788 1528 qnod
812 1432 905 1507 dictu
925 1441 1078 1530 potestas
1097 1441 1133 1505 et
1157 1453 1339 1507 commune
1354 1432 1506 1507 Ferraria
1529 1453 1599 1506 non
1621 1443 1800 1508 teneantur

388 1579 450 1654 pro
481 1557 573 1632 diota
603 1557 768 1632 societate
794 1557 851 1630 vel
875 1557 1056 1630 occasione
1083 1556 1175 1630 dicte
1200 1556 1373 1630 societatis
1401 1555 1519 1630 subire
1543 1556 1686 1653 aliquod
1709 1579 1800 1632 onus

387 1701 619 1778 expensarum
648 1681 705 1754 vel
732 1681 838 1754 ullam
859 1681 1000 1775 tagliam
1021 1681 1169 1752 militum
1192 1681 1251 1753 vel
1273 1679 1431 1776 peditum
1451 1690 1513 1754 ant
1536 1681 1679 1778 aliquod
1701 1683 1799 1758 aliud

388 1827 477 1879 onus
498 1804 595 1900 quod
616 1804 748 1900 imponi
769 1813 886 1900 posset
900 1825 963 1900 per
980 1802 1153 1900 predIctos
1170 1813 1320 1878 rectores
1334 1814 1397 1876 aut
1418 1825 1539 1876 eorum
1564 1825 1796 1897 successores,

388 1951 468 2002 oum
491 1927 585 2002 dicta
602 1927 724 2002 civitas
747 1927 902 2001 Ferrarie
916 1927 961 2000 sit
985 1936 1129 2020 gravata
1144 1927 1311 2000 bectenue
1332 1926 1449 2000 multis
1469 1928 1634 2001 oneribus
1654 1929 1798 2026 impen-

386 2075 503 2126 sarum
523 2061 664 2150 propter
685 2050 824 2126 ciuilem
851 2049 1100 2124 dissensionem
1127 2059 1163 2124 et
1186 2059 1326 2146 propter
1344 2049 1606 2126 inundationem
1629 2075 1798 2148 aquarum

386 2188 422 2250 et
442 2187 581 2274 propter
605 2175 691 2250 alias
711 2196 838 2270 graves
862 2182 897 2248 et
922 2173 1156 2247 intolerabiles
1174 2173 1363 2269 gravitates
1383 2197 1454 2269 que
1477 2195 1579 2270 passe
1600 2176 1666 2248 luit
1691 2185 1728 2250 et
1747 2187 1800 2251 est

385 2300 480 2374 diota
497 2301 639 2390 civitas,
657 2309 692 2374 et
715 2299 908 2395 specialiter
926 2309 1063 2395 propter
1084 2298 1226 2372 servitia
1245 2297 1414 2371 hacteuus
1433 2299 1523 2372 lacta
1545 2300 1699 2374 societati
1722 2321 1800 2397 pre-

386 2424 490 2499 dicte.
506 2424 577 2498 Sed
591 2423 747 2520 predicte
764 2431 914 2518 potestas
930 2433 966 2495 et
980 2421 1125 2519 predicti
1144 2431 1294 2496 rectores
1309 2431 1345 2494 et
1359 2422 1613 2497 ambasiatores
1628 2425 1750 2498 dcunt
1765 2435 1801 2500 et

386 2558 545 2622 asserunt
570 2557 606 2620 et
624 2549 748 2620 volunt
770 2547 868 2642 quod
892 2547 1015 2620 civitas
1045 2545 1199 2618 Ferrarie
1229 2546 1275 2618 sit
1301 2546 1347 2621 de
1383 2547 1546 2620 societate
1571 2548 1726 2643 predicta
1762 2551 1800 2622 iu

386 2671 480 2745 bunc
498 2671 642 2746 modum
664 2698 673 2742 ε
693 2671 824 2746 scilicet
839 2671 876 2744 in
892 2669 1010 2745 dando
1027 2671 1103 2744 vias
1124 2670 1208 2744 etin
1224 2671 1303 2744 aliis
1318 2671 1492 2766 queoirca
1508 2670 1574 2744 bec
1595 2673 1723 2746 luerint
1734 2694 1800 2770 op·

385 2806 533 2892 portuna
557 2795 750 2870 secundum
771 2796 1032 2894 possibilitatem
1055 2795 1147 2869 dIcte
1168 2794 1319 2869 civitatIe
1338 2795 1513 2888 Ferrarie,
1538 2805 1574 2869 et
1594 2796 1631 2868 in
1648 2796 1799 2871 vetando

385 2921 581 2994 Teutonicis
601 2928 636 2995 et
651 2941 770 2995 eorum
787 2920 980 2994 fautoribus
1000 2941 1045 2995 ne
1069 2942 1132 3016 per
1157 2921 1234 2993 vias
1251 2929 1288 2993 et
1307 2941 1417 3014 aquae
1432 2920 1585 2994 Ferraric
1607 2919 1739 2994 vadant
1763 2929 1799 2995 et

385 3045 527 3118 veniant
551 3044 599 3118 ud
620 3045 845 3118 offensionem
862 3053 897 3118 et
922 3041 1165 3117 detrimentum
1189 3043 1361 3117 societatis
1390 3041 1608 3118 lombardie.
1634 3045 1702 3130 Qui
1725 3043 1797 3117 do-

385 3168 501 3241 minus
526 3167 786 3242 Bartholomeus
811 3167 973 3241 antianus
994 3187 1064 3240 unu
1084 3189 1164 3240 cum
1185 3165 1394 3264 supradictis
1418 3166 1607 3240 rectoribus
1629 3167 1795 3262 prefatam

384 3301 586 3388 potestatem
607 3292 761 3368 Ferrarie
787 3300 822 3366 et
847 3291 958 3365 dictos
975 3300 1123 3366 rectores
1144 3311 1208 3386 pro
1231 3291 1406 3364 communi
1428 3290 1581 3364 Ferrarie
1602 3290 1794 3364 secundum

384 3414 621 3512 supradictum
635 3415 779 3490 modurn
794 3425 829 3489 et
844 3415 933 3488 siout
950 3413 1194 3510 predixerunt,
1213 3413 1260 3486 ad
1274 3415 1470 3487 societatem
1485 3413 1673 3509 predictam
1692 3436 1795 3488 rece-

386 3548 528 3636 perunt,
556 3539 813 3614 affirmaverunt
833 3549 868 3613 et
896 3538 1195 3634 approbaverunt,
1222 3545 1257 3611 et
1277 3559 1338 3611 eos
1357 3539 1474 3631 jurare
1498 3539 1664 3612 lecerunt.
1684 3581 1733 3594 -
1753 3541 1796 3612 Et

386 3683 452 3758 ego
472 3661 673 3754 Aribertus,
689 3663 754 3736 Dei
776 3663 886 3758 gratia
910 3663 998 3735 sacri
1026 3661 1143 3760 palatii
1169 3661 1344 3755 notarius,
1369 3661 1423 3734 bis
1448 3663 1610 3737 omnibus
1636 3664 1793 3751 interlui,

385 3795 527 3880 rogetus
541 3785 692 3860 scribere
708 3786 830 3881 scripsi
845 3794 879 3859 et
896 3785 1079 3881 complevi.

1066 4071 1112 4142 ll.

434 4273 473 4344 ln
498 4273 620 4346 Christi
645 4273 797 4348 nomine.
822 4271 923 4345 Anno
953 4272 1108 4366 ejusdem
1135 4271 1331 4345 Natiuitatis
1352 4273 1533 4344 millesimo
1559 4271 1795 4346 ducentesimo

386 4395 556 4472 tricesimo
573 4400 715 4496 quinto,
734 4398 922 4472 indictione
936 4398 1033 4486 VIII,
1049 4397 1184 4484 Brisie,
1205 4406 1360 4492 tempore
1379 4396 1510 4470 domini
1528 4395 1682 4490 Gregorii
1703 4419 1795 4493 pape

385 4530 422 4594 et
442 4522 596 4597 Foderici
622 4524 853 4621 imperatoris,
872 4521 929 4596 die
952 4523 1113 4595 mercurii
1133 4523 1192 4595 Vll
1216 4522 1364 4594 intrante
1385 4521 1581 4613 novembri,
1600 4521 1637 4592 in
1654 4521 1796 4616 publica

386 4647 552 4720 concione
568 4647 700 4743 Brixie,
720 4647 937 4745 presentibus
954 4645 1096 4720 domino
1110 4647 1290 4742 Bonapace
1304 4646 1411 4719 milite
1426 4644 1619 4742 potestatis,
1637 4643 1796 4719 Guidoue

383 4765 429 4841 de
451 4771 576 4864 dante,
597 4771 761 4846 Tederico
777 4771 823 4845 do
844 4772 931 4846 llilla
953 4770 998 4844 de
1023 4769 1237 4862 Mediolano,
1258 4772 1498 4843 bonaventura
1514 4769 1648 4842 notario
1666 4768 1711 4843 de
1731 4770 1795 4843 Fa-

385 4893 514 4987 ventia,
532 4893 712 4970 Cristolaro
731 4896 863 4982 notario
881 4894 927 4968 de
953 4893 1148 4970 Mediolano
1169 4904 1204 4968 et
1222 4894 1320 4983 aliis,
1339 4894 1400 4967 nbi
1427 4893 1589 4968 dominus
1612 4893 1797 4968 Umbortus
