4859 6359
381 840 481 904 naa.
497 841 543 919 a]
830 833 1027 899 ursronm
1051 837 1350 902 uranouarrm.
1727 823 1789 904 'oea

381 973 474 1056 tiam
491 970 666 1055 concedit
686 978 731 1051 ut
750 993 885 1052 omnes
910 970 1036 1078 quiin
1058 970 1207 1054 annu
1229 969 1311 1080 ejus
1333 969 1588 1082 Laudenburg
1610 970 1790 1080 elegerint
1853 965 1855 970 ’

381 1105 561 1210 residere,
580 1102 630 1185 ab
646 1101 821 1184 omnium
835 1101 1036 1185 hominurn
1053 1103 1245 1212 obsequiis
1265 1103 1342 1185 sint
1359 1103 1537 1212 exempli.

464 1314 584 1392 (lnedlt.
600 1333 640 1377 ox
652 1316 779 1377 chartul.
794 1317 956 1393 Wormab,
971 1269 1025 1377 iol.
1040 1323 1099 1376 aaa
1112 1331 1209 1388 verso,
1222 1317 1253 1376 ln
1264 1313 1384 1376 amhlrn
1397 1313 1654 1392 Darmstsdtensl.)

429 1497 490 1585 Η.,
510 1497 574 1569 Dei
589 1496 698 1588 gratia
716 1498 944 1568 Romanorum
957 1517 1023 1567 rex
1043 1505 1079 1566 et
1096 1517 1231 1590 semper
1250 1507 1434 1590 angustus,
1463 1497 1635 1570 universis
1654 1499 1789 1594 imperii

383 1617 546 1691 fidelibus
562 1620 692 1712 quibus
708 1640 851 1714 presens
865 1619 975 1690 littera
989 1619 1092 1690 luerit
1105 1631 1242 1690 ostensa
1260 1621 1406 1711 gratiam
1431 1642 1529 1692 suam
1547 1631 1580 1693 et
1601 1643 1704 1694 omne
1724 1623 1787 1694 bo-

383 1763 480 1811 nnm.
498 1743 554 1814 lix
571 1741 691 1813 divina
710 1741 928 1836 providentia
944 1740 990 1812 ad
1016 1743 1116 1835 regni
1139 1753 1174 1812 et
1192 1743 1327 1838 imperii
1345 1743 1547 1836 dignitatem
1570 1743 1649 1816 ideo
1668 1765 1789 1817 snmus

382 1864 496 1935 vocati
518 1874 557 1934 ut
577 1864 740 1938 ecelesias
760 1874 796 1936 et
818 1886 875 1936 res
899 1864 1146 1938 ecclesiasticas
1170 1865 1360 1938 debeamus
1380 1865 1425 1938 de
1447 1867 1658 1942 liberalitatis
1673 1879 1789 1942 nostra

383 1986 618 2058 munificentia
633 1989 669 2058 in
680 1989 955 2083 possessionibus
964 1989 1131 2084 ampliare
1142 1999 1180 2060 et
1197 1989 1243 2060 de
1256 1999 1371 2060 nostre
1382 1989 1574 2064 serenitatis
1590 1992 1699 2082 gratia
1714 2013 1788 2064 am·

383 2111 507 2206 plialas
522 2111 568 2182 ab
585 2112 749 2183 omnibns
765 2113 1020 2184 incursionibus
1036 2112 1182 2185 fideliter
1199 2112 1400 2200 defensare;
1428 2113 1579 2186 maxime
1597 2123 1711 2188 tamen
1730 2136 1789 2188 eos

381 2258 471 2328 quos
486 2237 679 2331 specialiter
695 2237 872 2328 diligimus
887 2237 1027 2331 speciali
1041 2237 1150 2331 gratia
1168 2238 1340 2333 respicere
1361 2238 1524 2309 volumus
1542 2247 1575 2312 ct
1598 2238 1785 2332 debemus,

381 2368 501 2454 utpote
516 2361 681 2434 dilectum
694 2370 730 2432 et
742 2361 943 2432 familiarem
954 2362 1147 2456 principem
1162 2373 1316 2433 nostrum
1334 2363 1371 2433 L.
1387 2363 1677 2436 Wormaciensem
1697 2365 1787 2436 elec·

382 2492 454 2554 tum
470 2480 538 2579 (l),
557 2485 613 2555 cui
629 2483 675 2556 de
694 2493 809 2556 nostra
825 2485 1059 2583 benivolentia
1070 2486 1173 2560 talem
1189 2485 1337 2562 fecimus
1354 2485 1499 2578 gratiam
1516 2499 1552 2558 et
1567 2487 1728 2560 dedimus
1747 2489 1789 2559 li·

383 2607 546 2680 berlatern
565 2607 662 2704 quod
675 2629 795 2680 omnes
810 2608 872 2702 qni
889 2609 926 2678 in
943 2609 1080 2680 civitate
1094 2629 1158 2678 sna
1174 2608 1407 2702 Laudenburg
1429 2618 1593 2704 tanquam
1616 2611 1711 2684 cives
1727 2613 1789 2684 eli-

383 2733 494 2825 gerint
509 2731 676 2822 residere,
695 2732 741 2804 ab
757 2732 913 2804 omnium
928 2731 1108 2802 hominnm
1122 2731 1302 2825 obsequiis
1320 2733 1389 2802 sint
1406 2734 1559 2828 exempti
1573 2743 1607 2806 et
1621 2735 1706 2806 nulli
1721 2737 1787 2808 nisi

383 2855 523 2927 domino
541 2877 605 2927 suo
622 2856 863 2928 Wormatiensi
882 2855 990 2927 electo
1007 2855 1159 2927 serviant
1169 2865 1203 2928 et
1216 2855 1415 2945 intendant,
1433 2859 1508 2928 sive
1522 2857 1620 2928 nobis
1637 2867 1671 2930 et
1684 2857 1786 2931 alicui

383 2980 657 3075 exprincipibus
674 2981 730 3052 vel
749 2979 1027 3051 ministerialibus
1044 2979 1169 3052 nostris
1184 2979 1325 3051 attineat
1343 2977 1418 3074 (sic)
1432 2980 1549 3074 aliquo
1562 2983 1654 3073 jure.
1681 2981 1787 3054 Voln-

381 3123 460 3173 mus
475 3104 578 3176 etiam
593 3104 688 3197 quod
705 3103 800 3176 cives
817 3103 853 3174 in
872 3103 994 3175 cadem
1009 3103 1147 3175 civitate
1161 3103 1357 3175 residentes
1375 3112 1488 3175 nostra
1511 3104 1556 3176 de
1576 3114 1688 3177 cetero
1699 3129 1788 3200 gau-

382 3221 486 3296 deant
501 3223 713 3296 deiensione.
734 3221 939 3296 Mandamns
961 3223 1079 3317 itaque
1096 3231 1131 3294 et
1147 3223 1358 3316 precipimus
1375 3223 1544 3294 universis
1561 3225 1627 3295 sub
1644 3225 1788 3300 obtentu

381 3349 492 3439 gratie
507 3358 621 3422 nostre
633 3358 666 3419 et
685 3347 817 3442 imperii
833 3359 872 3418 nt
888 3348 1004 3419 nullus
1017 3349 1062 3419 sit
1077 3347 1137 3441 qui
1154 3347 1358 3442 prelihalam
1382 3345 1573 3418 libertatem
1591 3348 1726 3422 civibus
1743 3349 1788 3422 de

380 3470 615 3566 laudenburg
637 3493 663 3564 a,
683 3471 784 3543 nobis
804 3469 973 3544 indultam
1000 3471 1128 3544 audeat
1145 3469 1368 3563 aliquatenus
1389 3470 1574 3564 infringere
1593 3473 1650 3544 vel
1668 3482 1788 3545 contra

380 3617 524 3691 presens
542 3596 761 3690 privilegium
784 3595 820 3666 in
841 3591 1071 3691 prejudicium
1096 3593 1246 3666 civitatis
1272 3593 1415 3688 aliquod
1445 3603 1656 3689 attemptare.
1687 3595 1789 3680 Quod

381 3721 444 3814 qni
462 3720 580 3792 fecerit
590 3719 862 3813 indignationem
879 3719 975 3813 regie
990 3719 1178 3810 majestatis
1198 3727 1315 3790 nostre
1333 3739 1371 3789 se
1390 3717 1523 3790 noverit
1540 3717 1736 3810 incurrisse,
1756 3729 1789 3790 et

382 3865 445 3916 nos
453 3845 636 3917 violatores
649 3843 758 3939 ipsius
769 3839 875 3916 nostri
888 3842 1060 3940 privilegii
1072 3863 1141 3914 non
1153 3843 1392 3936 relinquemus
1406 3841 1605 3936 impunitos.
1621 3841 1676 3914 Ad
1686 3841 1789 3935 hujus

381 3991 521 4063 quoque
533 3967 613 4040 iacti
626 3975 752 4040 sermm
762 3966 1015 4041 evidentiamel
1025 3965 1306 4062 mbnrperpetno
1320 3964 1521 4056 valiturum,
1531 3977 1722 4061 presentem
1735 3965 1789 4038 lil-

382 4099 491 4162 teram
506 4101 655 4164 nostram
670 4092 771 4164 scribi
788 4090 932 4164 lecimus
950 4100 983 4163 el
995 4090 1108 4183 sigillo
1124 4099 1244 4163 nostro
1259 4089 1479 4160 communiri.

430 4215 548 4286 Testes
571 4225 654 4285 sunt
676 4215 727 4285 hii
749 4213 954 4286 :Conradns
969 4212 1077 4284 abbas
1094 4211 1208 4287 Sancti
1224 4209 1327 4303 Galli,
1360 4265 1368 4283 .
1403 4265 1411 4281 .
1442 4265 1451 4281 .
1480 4211 1588 4282 abbas
1602 4211 1790 4306 Campido-

383 4337 516 4430 nensis,
540 4339 771 4410 Hartmannus
791 4357 907 4410 comes
931 4335 977 4409 de
989 4337 1164 4429 Qnibnrg,
1180 4337 1413 4406 Hartmannus
1431 4354 1544 4406 comes
1561 4332 1606 4405 de
1622 4335 1785 4406 Wirtem-

419 4643 455 4718 (t)
471 4644 574 4700 Eodem
586 4659 656 4700 anno
667 4648 729 4716 post
738 4643 841 4700 obitum
852 4642 958 4700 ilenrici
969 4643 1095 4716 episcopi,
1108 4641 1252 4699 Landolius
1266 4642 1387 4700 decanus
1398 4641 1492 4716 quinta
1503 4640 1547 4698 die
1560 4641 1675 4698 octobris
1687 4640 1789 4698 electus

385 4740 479 4798 luerat
497 4741 573 4798 «Cui
585 4741 673 4815 prirno
685 4741 763 4797 valde
778 4740 849 4798 bene
860 4741 1005 4811 successit,
1022 4741 1085 4814 quia
1104 4739 1222 4797 breviter
1241 4738 1276 4798 ab
1294 4738 1493 4814 archiepiscopo
1514 4738 1666 4811 lloguntiao
1687 4737 1788 4795 mudr-

385 4844 471 4895 matus
486 4838 546 4894 fuit.
559 4839 594 4894 iit
606 4837 698 4895 statim
716 4839 847 4896 accedens
860 4837 1015 4910 Rzrelingen
1026 4853 1042 4894 a
1055 4839 1162 4895 domino
1177 4837 1303 4894 lleinrico
1317 4853 1381 4909 rege
1394 4835 1492 4893 ibidem
1504 4836 1632 4894 sistente
1652 4835 1787 4908 regalibus

386 4935 589 4994 estinrcstitus.
602 4955 617 4988 ι
629 4935 731 4993 dunel.
750 4937 877 4994 Wormut.
893 4952 938 5010 ap.
953 4937 1102 5004 borenna,
1119 4937 1226 5005 Fontes,
1242 4941 1261 4991 t.
1278 4935 1316 5006 ll,
1329 4951 1358 5009 p.
1375 4939 1436 4993 lte.
