4859 6359
922 730 1048 790 iiluna
1072 726 1422 791 uocuuiuiiioituii.
1818 727 1874 791 981

462 1043 597 1055 —
886 1052 985 1115 iorum
999 1055 1191 1121 ebdomadale
1208 1060 1272 1119 8188
1293 1054 1473 1133 praejudicio
1489 1054 1566 1130 juris
1579 1050 1728 1132 alieni‚iu
1746 1055 1878 1133 qualibet

885 1149 1293 1233 ieriatertiaeeiebrandum,
1308 1150 1455 1213 concedit.
1819 1162 1875 1213 aui

482 1249 570 1326 lullo.
627 1245 687 1324 Ap.
697 1246 818 1309 Werda.
846 1279 888 1294 -
905 1247 954 1309 Ad
966 1252 1137 1327 petitionem
1149 1251 1368 1329 Salzburgensis
1379 1247 1599 1325 archiepiscopi,
1615 1246 1743 1309 dictante
1756 1254 1876 1311 888188-

885 1347 928 1405 118
949 1348 1132 1427 principum,
1147 1355 1227 1409 88181
1245 1364 1283 1409 88
1305 1348 1373 1425 quis
1393 1350 1509 1405 reuocet
1530 1343 1695 1404 hominess
1708 1350 1800 1407 818818
1817 1363 1876 1423 pu-

883 1440 962 1502 blica
974 1445 1046 1520 quin
1059 1444 1223 1505 88188181
1236 1443 1344 1517 lorum,
1356 1442 1414 1501 8181
1426 1440 1535 1501 babeat
1546 1442 1680 1517 proprios
1699 1458 1773 1519 quos
1787 1458 1874 1503 revo-

884 1553 951 1598 care
969 1546 1075 1616 potera
1816 1548 1874 1601 888

470 1632 596 1711 1118111.
675 1631 764 1710 Apud
843 1665 885 1677 -
904 1634 1262 1697 Gebhardoderirnstein
1275 1636 1449 1709 nuntiatae,
1464 1635 1670 1712 licetquatuor
1683 1637 1874 1697 exercitusin

629 1728 807 1807 Augustam.
882 1732 1034 1794 Ausbiam
1050 1737 1261 1807 transmiserit,
1276 1750 1355 1794 nuuc
1374 1748 1442 1793 cum
1459 1734 1590 1792 maximo
1604 1738 1757 1809 potentatu
1771 1750 1875 1797 888888

882 1828 1000 1889 Italiam
1021 1829 1060 1891 ab
1079 1830 1213 1909 Augusta
1231 1836 1327 1891 888188
1347 1846 1402 1891 sue
1422 1844 1556 1901 movere,
1571 1827 1764 1906 hortaturque
1785 1834 1820 1891 ut
1842 1832 1873 1891 in

883 1942 938 1987 suo
950 1930 1071 1988 servibo
1082 1928 1274 1991 ooniortetur.
1814 1936 1872 1988 889

460 2026 495 2080 18
514 2020 593 2097 julli.
673 2018 763 2098 Apud
844 2052 883 2065 ·-
900 2022 1038 2100 Pbiiippo
1061 2024 1099 2085 de
1124 2025 1318 2103 llycbeubero
1344 2025 1523 2101 procuratori
1549 2024 1666 2083 comitis
1692 2022 1813 2084 llenrici
1835 2024 1872 2084 de

626 2117 804 2197 Augustam.
882 2116 995 2177 Werda
1007 2120 1188 2195 ueterisque
1197 2118 1345 2197 iudicibus
1358 2118 1480 2179 mandat
1499 2123 1534 2179 ut
1551 2132 1621 2195 arga
1641 2120 1720 2178 81888
1733 2118 1871 2197 Argenti·

880 2227 986 2273 nenses
1009 2216 1161 2295 priuilegia
1181 2216 1293 2275 eisdem
1313 2231 1450 2277 88888888
1472 2214 1642 2287 observent,
1657 2215 1822 2292 specialiter
1834 2232 1873 2277 ne

879 2315 966 2370 88188
977 2310 1081 2371 urbem
1093 2314 1125 2371 ln
1135 2314 1188 2390 188
1200 2312 1356 2373 1881888188
1376 2328 1443 2373 cum
1465 2314 1498 2372 in
1519 2314 1639 2372 81811818
1656 2328 1710 2373 888
1726 2314 1871 2390 1881111888

878 2406 975 2468 188888
986 2410 1166 2485 sintparati.
1810 2419 1868 2471 899

462 2501 591 2579 1818111
638 2504 675 2563 ln
689 2506 792 2565 8881818
839 2534 879 2547 -
899 2503 1056 2565 Generales
1077 2504 1227 2566 88811888
1248 2505 1329 2583 apud
1350 2505 1472 2567 Lubeck
1494 2505 1581 2565 88818
1600 2506 1723 2583 singuiis
1753 2522 1770 2566 a
1795 2505 1870 2567 18818

632 2601 665 2660 18
677 2602 805 2677 praediis
877 2602 1064 2663 Pentecostes
1082 2604 1229 2681 usquead
1243 2603 1352 2664 festum
1366 2604 1466 2664 Sancti
1484 2602 1586 2663 1888181
1604 2602 1792 2664 celebrandos
1806 2610 1868 2665 818-

633 2698 796 2777 Augustae.
877 2700 955 2773 1811,
969 2701 1167 2779 omnibusque
1186 2700 1323 2763 fidelibus
1340 2701 1461 2761 mandat
1474 2706 1508 2760 ut
1520 2700 1559 2761 ad
1573 2715 1623 2760 888
1636 2698 1692 2760 sub
1702 2716 1756 2761 888
1768 2707 1799 2761 81
1810 2703 1867 2762 188-

876 2799 950 2873 perii
964 2800 1120 2859 8888811818
1134 2800 1266 2859 8881881
1809 2806 1864 2858 881

476 2886 561 2965 iulio.
669 2891 760 2969 Apud
836 2893 955 2953 -Pro
978 2894 1094 2955 devotis
1119 2896 1248 2956 servitiis
1267 2894 1378 2955 ciuium
1403 2890 1660 2970 Magantinorum,
1677 2894 1720 2952 818
1741 2896 1867 2971 gratiam

623 2987 801 3067 Augustam.
875 2990 948 3051 iacit
957 2996 993 3051 81
1000 2991 1102 3053 nullus
1114 2999 1200 3053 extra
1211 2994 1363 3053 8181181888
1376 3006 1427 3051 888
1440 2989 1479 3051 81
1489 3005 1578 3050 suum
1592 2989 1737 3066 judicium
1750 2992 1867 3055 trahere

871 3088 982 3164 possit,
1000 3089 1059 3149 nisi
1076 3090 1108 3148 18
1125 3090 1246 3149 81811818
1263 3104 1318 3149 sua
1330 3086 1576 3166 conquerentibus
1588 3086 1626 3147 18
1639 3088 1710 3165 ipsis
1721 3090 1867 3165 justitiam

875 3184 1086 3261 denegaverint
1097 3184 1246 3246 exhibere.
1806 3193 1864 3246 891

472 3272 561 3350 lulio.
667 3278 757 3356 Apud
835 3315 876 3329 -
895 3281 1003 3343 Scribit
1022 3280 1161 3344 81181888
1182 3285 1215 3344 18
1234 3297 1360 3361 quorum
1369 3280 1572 3359 jurisdictione
1583 3280 1663 3342 bona
1674 3282 1786 3343 civium
1800 3282 1867 3344 bla-

620 3372 796 3454 1838888.
875 3380 1068 3457 gunanorum
1081 3380 1139 3439 8118
1149 3385 1239 3453 sunt,
1260 3384 1294 3439 ui
1314 3376 1417 3439 audem
1440 3377 1520 3438 bona
1540 3382 1642 3438 888188
1662 3378 1865 3455 8811888811-

875 3474 1018 3536 1888181818
1037 3476 1125 3535 88818
1144 3475 1275 3536 collectis
1295 3480 1326 3535 et
1343 3474 1482 3551 precariis
1499 3471 1605 3533 amodo
1618 3474 1759 3551 impetere
1771 3473 1865 3535 18818-

874 3578 951 3633 881.
1713 3578 1784 3649 888,
1806 3579 1865 3631 aar

472 3661 559 3739 iulio.
599 3661 658 3741 Ap.
670 3662 875 3725 (18888818-
893 3670 1031 3732 oblatam
1055 3665 1864 3730 1118181818811818011818888818881818888-

628 3761 661 3820 in
674 3763 787 3823 8881818
872 3768 945 3827 tiam
958 3766 1070 3843 praedii
1083 3765 1272 3826 lleicbenriet
1289 3771 1437 3843 acceptat,
1452 3770 1482 3824 et
1503 3769 1570 3841 posi
1590 3770 1708 3840 tempus
1728 3770 1865 3825 accurata

853 3850 1058 3938 ⁴designatum
1070 3875 1214 3919 unacum
1228 3859 1383 3921 advocatia
1395 3859 1564 3919 monasterii
1583 3856 1686 3919 8811888
1707 3858 1769 3918 8818
1791 3857 1863 3918 8818-

760 3966 764 3974 ’
808 3980 813 3988 ·
868 3959 979 4034 iactam
991 3954 1205 4017 essedeclarat.
1804 3962 1862 4015 898

469 4048 561 4133 [81888
612 4088 817 4112 .......
832 4085 873 4099 -
891 4052 1000 4113 comiti
1012 4049 1179 4113 sabaudiae
1195 4051 1377 4129 proderetis
1396 4050 1782 4129 ejuseiaocepiisservitiis
1794 4067 1862 4130 gra·

452 4145 586 4231 julium.]
870 4153 916 4208 tas
928 4149 1004 4225 agit,
1024 4148 1166 4207 88811888
1186 4162 1220 4208 ae
1241 4162 1313 4208 mox
1334 4148 1362 4207 ei
1380 4148 1502 4207 88111188
1520 4145 1612 4207 18888
1635 4162 1860 4221 conmeantum,

869 4250 1029 4321 monetque
1042 4249 1077 4304 ut
1094 4258 1164 4305 cum
1176 4246 1209 4305 iu
1222 4244 1431 4307 Lombardlam
1444 4246 1557 4318 veniet,
1571 4246 1633 4321 lpse
1646 4259 1745 4305 comes
1757 4260 1859 4321 aspec-

869 4342 1024 4403 tibussuls
1035 4347 1178 4403 occurrat.
1800 4350 1858 4403 898

444 4448 581 4518 augusto.
635 4438 672 4499 1n
685 4439 788 4499 castris
830 4470 871 4485 -
888 4438 1033 4516 Episcopo
1052 4439 1220 4501 Brixiueusi
1239 4441 1272 4500 in
1291 4444 1376 4520 cujus
1396 4446 1475 4501 18888
1492 4443 1611 4516 propter
1629 4436 1860 4499 imbecillitatem

596 4535 815 4613 apenninum
869 4538 934 4614 ejus
950 4538 1067 4612 justitia
1088 4538 1187 4615 vigere
1208 4537 1312 4609 desiit,
1334 4536 1467 4599 concedit
1488 4541 1524 4597 81
1544 4535 1652 4613 regalia
1672 4535 1810 4595 ecelesiae
1828 4538 1860 4597 iu

870 4634 933 4693 suis
946 4631 1086 4693 manibus
1097 4635 1237 4711 resignet,
1246 4649 1321 4711 quae
1334 4634 1396 4711 ipse
1405 4632 1544 4694 custodiri
1557 4638 1587 4692 et
1599 4632 1749 4709 procurari
1758 4630 1857 4705 iactet,

778 4783 781 4788 ⁴
869 4728 1047 4805 quibusdam
1066 4744 1120 4806 pro
1132 4732 1346 4792 sustentatione
1363 4731 1442 4791 vitae
1462 4728 1595 4807 ejusdem
1614 4730 1742 4807 episcopi
1764 4745 1860 4791 reser-

869 4829 948 4888 vatis
960 4826 1112 4888 reditibus.
1801 4834 1857 4889 897
