4859 6359
631 782 691 844 svs
1149 780 1323 841 ιιιιιιιιιοι
1348 781 1515 842 suerrus
1854 782 1935 860 [err.
1953 783 2039 848 mss.

635 914 767 998 sibiet
790 913 950 1024 imperio
977 912 1162 1020 exhibita,
1189 911 1410 995 molendina
1436 912 1645 1023 quaedam,
1666 911 1720 996 ibi
1745 911 1934 1022 descripta
1955 925 1994 1000 et
2019 944 2043 1000 a

636 1047 811 1134 Conrado
829 1047 1034 1158 burgravio
1051 1047 1100 1130 de
1116 1045 1341 1156 Nurenberg
1357 1047 1397 1127 in
1416 1071 1555 1129 manus
1578 1069 1668 1128 suas
1685 1043 1884 1155 delegate,
1907 1047 2038 1132 donat.

715 1264 809 1346 (Edit.
826 1283 872 1343 op.
887 1265 1018 1325 Mosam,
1033 1263 1127 1339 Boia,
1141 1269 1214 1326 tom.
1229 1263 1332 1336 XXX,
1347 1280 1417 1340 porr
1430 1265 1468 1336 1¹,
1486 1279 1517 1342 p.
1534 1271 1608 1335 its,
1623 1264 1656 1324 n·
1671 1271 1742 1340 iis,
1756 1279 1796 1324 ex
1807 1265 1945 1344 originali
1957 1269 2044 1345 cnjus

755 1373 884 1453 sigillum
897 1374 995 1450 perlit.
1005 1403 1046 1417 -
1058 1373 1098 1436 ut
1110 1387 1159 1448 ap.
1175 1371 1368 1450 Smmrnmn,
1383 1369 1514 1432 Morum.
1527 1365 1650 1442 zolio..
1664 1376 1688 1433 t.
1704 1371 1736 1446 i,
1751 1387 1782 1449 p.
1799 1367 1864 1450 ie.)

683 1566 725 1636 Η.
740 1617 750 1654 ,
777 1561 839 1636 Dei
856 1561 966 1655 gratia
982 1561 1212 1634 Romanorum
1228 1579 1291 1632 rex
1309 1566 1343 1632 et
1360 1579 1495 1652 semper
1510 1565 1699 1652 augustus,
1719 1556 1893 1632 universis
1909 1556 2043 1653 imperii

635 1687 797 1762 fidelibus
810 1695 880 1758 tam
896 1683 1111 1781 presentibus
1126 1705 1232 1778 quam
1251 1683 1375 1782 futuris
1390 1690 1583 1778 presentem
1605 1681 1751 1754 litteram
1775 1680 1980 1778 inspecturis
2007 1680 2043 1754 in

638 1821 856 1910 perpetuum.
873 1809 958 1881 Cum
971 1807 1090 1882 divine
1104 1805 1340 1880 misericordie
1353 1808 1453 1900 cujus
1466 1804 1670 1900 magnitudo
1679 1805 1892 1878 intellectum
1905 1803 2045 1878 excedit

637 1937 847 2025 humanum,
880 1933 1091 2005 incrementa
1104 1931 1140 2002 in
1157 1932 1260 2004 nobis
1275 1931 1437 2004 continua
1461 1931 1666 2020 sentiamus,
1686 1929 1809 2002 merito
1827 1929 1877 2001 illi
1894 1929 1991 2024 quod
2008 1930 2044 2002 in

639 2062 740 2133 nobis
756 2068 808 2133 est
822 2056 948 2131 devote
957 2055 1203 2152 impendimus,
1219 2065 1260 2127 ut
1274 2057 1350 2128 loca
1368 2054 1487 2130 divino
1500 2056 1609 2128 cultui
1624 2063 1658 2127 ei
1672 2075 1862 2150 paupemm
1875 2063 2046 2128 sustenta-

636 2186 790 2260 tionibus
803 2182 998 2276 maneipata
1015 2178 1250 2252 munificentie
1266 2177 1568 2252 nostreboneiieiis
1580 2199 1781 2272 augeamus.
1791 2177 1931 2250 Noverit
1941 2177 2047 2272 igitur

638 2321 709 2383 tam
723 2315 944 2404 presensetas
957 2327 1062 2400 quam
1078 2325 1281 2376 successura
1290 2304 1469 2398 posteritas
1481 2302 1578 2398 quod
1593 2323 1656 2376 nos
1667 2299 1881 2376 attendentes
1894 2302 2046 2396 preclara

638 2435 804 2528 obsequia
821 2453 891 2526 que
909 2431 1025 2504 dilecti
1041 2428 1161 2503 fideles
1183 2429 1291 2502 nostri
1313 2431 1436 2502 iratres
1461 2430 1586 2503 domus
1609 2427 1897 2502 Theotunicorum
1923 2429 2047 2504 Sancte
2105 2513 2109 2520 ,

637 2560 745 2633 biarie
762 2558 798 2631 iu
813 2557 999 2630 Jerusalem
1017 2553 1117 2627 nobis
1131 2563 1166 2626 et
1182 2553 1327 2648 imperio
1341 2553 1509 2626 exhibent
1521 2553 1747 2646 incessanter,
1761 2551 1808 2624 ob
1820 2553 2045 2626 reverentiam
2065 2643 2069 2652 Ι

638 2679 839 2756 intemerate
856 2679 1009 2774 Virginis
1020 2679 1137 2753 Matris
1150 2679 1304 2772 Domini,
1334 2679 1490 2752 cessione
1502 2699 1607 2772 quam
1630 2675 1776 2750 dilectus
1798 2675 1911 2750 tidelis
1932 2687 2048 2750 noster
2098 2675 2102 2691 ’

638 2807 816 2883 Comedus
830 2803 1061 2898 burcgravius
1084 2803 1129 2878 de
1151 2803 1374 2898 Nuerenberg
1397 2801 1478 2876 iecit
1495 2801 1681 2874 liberaliter
1705 2801 1742 2873 in
1763 2823 1887 2874 manus
1914 2809 2048 2874 nostras

639 2942 776 3028 recepta
788 2929 833 3004 dc
840 2929 1040 3004 molendino
1051 2927 1147 3023 apud
1155 2928 1376 3002 Nuerenbero
1384 2929 1450 3002 silo
1462 2928 1551 3000 inter
1563 2926 1685 3002 salices
1698 2935 1733 3000 et
1744 2947 1918 3022 campum,
1930 2935 2049 3000 exten·

640 3059 728 3132 dens
746 3077 784 3132 se
801 3078 823 3129 a
843 3056 982 3130 civitate
1009 3054 1213 3149 Nmenberg
1235 3075 1348 3149 usque
1373 3052 1420 3126 ad
1445 3053 1586 3128 domum
1612 3053 1825 3148 leprosorum
1843 3052 1880 3124 in
1896 3051 2048 3126 interiori

642 3191 741 3280 parte
755 3191 873 3270 strete,
894 3180 940 3254 de
955 3189 1028 3253 orto
1044 3179 1110 3251 sito
1129 3177 1226 3274 opud
1246 3178 1378 3252 dictum
1397 3177 1652 3268 molendinum,
1677 3175 1722 3249 de
1736 3173 1935 3248 molendino
1953 3174 2048 3270 apud

642 3305 817 3380 Vischbah
835 3316 870 3379 et
896 3305 942 3378 de
959 3305 1158 3376 molendino
1178 3303 1273 3376 dicto
1291 3302 1480 3397 vulgariter
1505 3299 1861 3392 Liubmonnismnole,
1892 3300 2048 3396 predicta

641 3431 841 3507 molendino
858 3439 894 3502 et
906 3438 1019 3502 ortum
1036 3437 1251 3524 prenotatam
1271 3427 1432 3522 hospitali
1448 3427 1570 3498 Soneio
1587 3425 1693 3499 Maris
1711 3425 1837 3498 domus
1854 3425 2048 3498 Theotuni-

643 3577 761 3630 corum
778 3553 873 3649 opud
891 3551 1108 3644 Nuerinberg
1135 3552 1170 3623 in
1187 3550 1378 3624 remedium
1396 3538 1514 3623 'anime
1530 3559 1646 3624 nostre
1661 3558 1696 3623 et
1713 3569 1949 3622 successomm
1967 3569 2048 3624 nos·

643 3691 771 3752 trorum
786 3700 907 3772 regom
918 3687 953 3750 et
965 3677 1207 3772 imperatorum
1228 3675 1388 3748 dedimus
1405 3685 1440 3748 et
1455 3674 1700 3767 concessimus,
1710 3695 1791 3748 cum
1805 3673 1966 3746 omnibus
1976 3675 2050 3746 suis

642 3801 1086 3901 pertinentiispossidenda.
1108 3801 1555 3876 Statuenlesetauotoritate
1569 3801 1663 3893 regia
1674 3798 1814 3873 tirmiter
1826 3799 2049 3894 precipientes

642 3929 791 4001 utnulla
809 3948 974 4020 umquam
991 3946 1137 4021 persona
1159 3925 1300 3998 humilis
1326 3926 1381 3998 vel
1402 3927 1487 4018 alta,
1515 3925 1745 3999 ecclesiastica
1771 3925 1826 3996 vel
1849 3923 2046 4014 mundana,

640 4054 732 4124 hanc
743 4061 857 4124 nostre
876 4050 1071 4124 donationis
1084 4061 1119 4121 et
1135 4049 1365 4124 concessionis
1379 4050 1542 4146 paginam
1560 4057 1735 4144 presumat
1748 4047 1934 4138 intringere
1946 4047 2001 4120 vel
2016 4047 2048 4120 ei

641 4200 729 4249 ausu
749 4176 929 4248 temerario
945 4176 1124 4248 contraire.
1147 4173 1249 4260 Quod
1265 4175 1325 4270 qui
1348 4175 1467 4248 lecerit
1485 4173 1756 4268 indignationem
1778 4173 1842 4245 Dei
1864 4181 2050 4266 nostreque

640 4297 854 4369 celsitudinis
870 4295 1107 4388 gravissimam
1123 4293 1287 4368 offensam
1309 4315 1347 4368 se
1370 4295 1505 4366 noverit
1519 4295 1750 4364 incursurum.
1773 4293 1817 4364 Ut
1837 4301 1954 4364 autem
1969 4311 2049 4387 pre·

640 4443 719 4492 sens
733 4419 874 4492 donatio
889 4430 924 4490 et
944 4421 1119 4492 concessio
1136 4421 1225 4491 iacta
1239 4427 1309 4491 iam
1321 4440 1382 4514 per
1394 4439 1457 4490 nos
1470 4439 1575 4512 quam
1590 4439 1650 4512 per
1663 4417 1909 4510 burcgravium
1928 4436 2051 4510 supra-

640 4545 770 4616 dictum
786 4544 899 4616 eidem
915 4543 1077 4638 hospitali
1095 4553 1130 4616 et
1158 4543 1320 4615 iratribus
1338 4541 1433 4638 apud
1451 4543 1666 4633 Noerioberg
1692 4541 1902 4614 inviolabilis
1932 4541 2049 4612 obser·

640 4679 756 4756 vetur,
778 4678 970 4762 presentem
988 4667 1152 4762 paginam
1164 4668 1277 4761 sigilio
1291 4678 1406 4740 nostre
1423 4667 1640 4739 celsitudinis
1651 4665 1795 4738 lecimus
1810 4665 1974 4738 roborari.

687 4793 803 4864 Testes
827 4791 929 4884 hujus
951 4791 1000 4863 rei
1026 4801 1107 4862 sunl
1127 4818 1136 4862 ε
1155 4790 1371 4886 Sypberidus
1392 4779 1600 4862 venerabilis
1624 4791 1847 4884 Maguntinus
1876 4786 2052 4881 archiepi-

640 4938 779 5012 scopus,
798 4917 1013 5011 llggebertus
1024 4912 1332 5009 Bnbenbergensis,
1351 4911 1530 4988 Heinricus
1544 4910 1741 4987 Eisletensis
1755 4913 1924 5009 episcopi,
1945 4911 2051 4984 liein·
