4859 6359
613 714 681 783 aad
1117 715 1329 780 salosalcr
1353 712 1529 776 sacuam
1835 715 1916 796 [lin.
1934 717 2021 782 1236.

621 853 734 927 modis
751 852 874 926 nostris
892 851 1118 945 intendimus,
1135 851 1251 926 sedin
1271 850 1337 923 boc
1358 848 1471 922 crucis
1493 845 1677 940 negocium
1696 844 1924 923 directissime
1937 874 2025 947 pro-

620 983 779 1066 curatur,
807 973 892 1048 dnm
918 975 1105 1048 rebellibus
1131 975 1256 1048 nostris
1278 972 1367 1044 circa
1395 979 1509 1067 partes
1535 969 1631 1042 ltalia
1659 970 1696 1041 in
1718 973 1889 1064 gremium
1911 985 2025 1048 nostre

620 1098 728 1193 gratie
748 1098 927 1190 revocatis,
952 1097 1143 1172 discordias
1160 1095 1212 1192 (a)
1235 1096 1421 1168 multorum
1442 1092 1611 1166 nobilium
1635 1092 1831 1168 desiderato
1854 1094 1925 1168 tine
1947 1119 2023 1192 pre

621 1221 768 1295 uidimus
788 1247 796 1290 :
815 1221 876 1314 qui
897 1229 979 1294 vota
1001 1243 1065 1295 sna
1085 1221 1121 1292 in
1141 1229 1302 1295 eventum
1324 1215 1524 1310 hujusmodi
1551 1215 1824 1312 suspenderunt,
1842 1241 1888 1291 ne
1914 1221 2024 1294 crucis

618 1342 796 1436 signaculo
813 1344 1019 1436 presignitos
1042 1343 1218 1416 christiani
1240 1341 1372 1416 cruoris
1393 1339 1532 1429 allusio,
1551 1340 1632 1414 licet
1656 1340 1771 1432 justa,
1796 1342 1842 1414 ob
1868 1341 2024 1422 debitum

620 1475 655 1538 et
669 1465 833 1538 honorem
858 1467 993 1561 imperii
1017 1475 1051 1540 et
1066 1466 1164 1560 regni
1188 1464 1301 1538 Sicilie
1319 1463 1382 1558 (b),
1397 1463 1596 1538 macularet.
1620 1462 1692 1536 Nos
1707 1464 1830 1554 etiam,
1854 1463 1899 1538 de
1926 1465 2025 1556 cnjus

620 1611 725 1660 manu
744 1589 960 1682 potissimum
979 1598 1069 1661 terra
1085 1588 1241 1684 predicta
1254 1589 1457 1683 prestolatur
1467 1585 1677 1678 subsidium,
1692 1589 1769 1660 sine
1785 1589 1888 1660 tacita
1904 1589 2023 1660 saltem

620 1709 864 1804 redargutione
895 1713 1101 1803 multorum,
1130 1713 1248 1786 relicto
1276 1711 1312 1782 in
1350 1720 1421 1784 tam
1448 1709 1554 1781 nobili
1584 1711 1726 1803 regione
1757 1710 1890 1805 imperii
1919 1714 2023 1784 nostri

621 1853 763 1928 corpore
796 1835 943 1908 lacerato
972 1845 1006 1906 et
1032 1818 1245 1906 dissimulata
1271 1833 1379 1906 veteri
1404 1831 1590 1906 rebellione
1621 1833 1823 1923 rebellium,
1850 1856 2024 1908 assumere

620 1955 728 2028 libere
744 1964 875 2028 tantum
894 1957 1074 2050 negocium
1092 1978 1159 2028 non
1178 1978 1369 2051 possemus.

671 2079 815 2152 Desino
842 2080 967 2152 etenim
995 2080 1105 2175 ipsius
1128 2081 1225 2153 ltalia
1249 2081 1447 2175 supradicta
1470 2079 1640 2154 discordia
1657 2079 1702 2153 nd
1719 2079 1884 2154 bonorem
1907 2082 1969 2153 Dei
1989 2092 2025 2154 et

623 2201 757 2296 imperii
789 2201 953 2276 laudabili
980 2202 1049 2276 fine
1078 2204 1250 2296 sedanda,
1276 2204 1407 2298 mande
1433 2202 1622 2298 producere
1647 2225 1826 2298 speramus
1854 2204 2023 2276 auxilinm

622 2327 723 2398 Terre
738 2327 874 2416 Sancto,
888 2347 958 2421 qne
972 2329 1068 2399 velut
1083 2327 1204 2400 incolis
1221 2329 1401 2422 populosa,
1419 2328 1533 2400 vicina
1548 2327 1731 2417 maritime,
1747 2327 1918 2420 glebaque
1928 2329 2023 2398 cultu

621 2448 812 2536 fructifera,
833 2450 869 2520 in
890 2451 1201 2544 opportunitatibus
1223 2451 1384 2522 omnibus
1404 2471 1443 2524 se
1465 2451 1583 2522 utilem
1605 2450 1751 2524 nimium
1770 2450 1951 2522 exhibebit
1963 2447 2019 2543 (c).

619 2570 675 2644 Ad
692 2571 756 2644 bec
774 2571 878 2664 igitur
896 2572 1012 2645 omnia
1033 2573 1216 2646 salubriter
1241 2573 1457 2668 procuranda
1484 2573 1608 2646 nostris
1631 2593 1702 2646 uon
1719 2572 1902 2665 indulgere
1920 2573 2024 2646 labo-

619 2693 716 2766 ribus
747 2715 811 2766 nec
834 2717 974 2790 parcere
1001 2696 1196 2790 sumptibus
1228 2696 1467 2792 disponentes,
1488 2705 1596 2770 estate
1624 2697 1774 2791 presenti
1803 2697 2024 2792 personaliter

620 2839 698 2889 cnm
729 2819 853 2890 nostris
878 2819 1092 2915 principibus
1119 2820 1247 2893 intrare
1273 2819 1494 2892 condiximus
1520 2819 1778 2911 tenendam,
1805 2820 1853 2894 ad
1874 2821 1940 2894 bec
1959 2820 2023 2892 tria

620 2939 931 3014 considerationum
959 2951 1152 3015 nostrarum
1178 2939 1336 3015 assiduos
1357 2943 1530 3035 cogitatus
1549 2941 1725 3037 potissime
1747 2941 1935 3037 dirigentes
1954 2969 1965 3013 ι
1984 2951 2024 3013 nt

618 3063 791 3136 eradicata
808 3065 845 3136 in
863 3064 958 3137 ltalia
974 3064 1122 3138 heretica
1140 3065 1321 3161 pravitate,
1336 3066 1417 3157 jura
1431 3065 1582 3138 Ecclesia
1598 3075 1634 3138 et
1648 3067 1785 3161 imperii
1800 3069 2023 3140 reformemus

619 3185 766 3277 ibidem,
791 3196 828 3259 ut
856 3208 976 3281 pacem
1003 3187 1254 3261 discordiarum
1291 3188 1532 3262 schismatibus
1556 3189 1725 3282 fatigatis,
1750 3197 1787 3261 et
1813 3189 2022 3282 quibuslibet

619 3310 729 3404 passis
753 3310 913 3402 injuriam
936 3312 1011 3385 sine
1038 3313 1271 3407 acceptatione
1290 3314 1444 3406 qnalibet
1469 3333 1692 3408 personarum
1726 3313 1864 3405 iusticie
1889 3312 2021 3407 copiam

620 3433 863 3505 ministremus.
881 3474 930 3488 -
943 3435 1078 3508 Scimus
1097 3437 1241 3527 etenim,
1266 3437 1411 3508 veritate
1428 3445 1592 3528 testante,
1612 3435 1708 3530 qnod
1729 3435 1817 3507 nibil
1832 3435 2022 3529 malignum

621 3555 721 3628 nobis
739 3554 914 3628 adversari
934 3559 1069 3651 poterit,
1085 3558 1171 3631 dum
1186 3559 1326 3651 justicie
1338 3561 1424 3632 solio
1437 3559 1674 3654 presidemns;
1689 3599 1738 3614 -·
1751 3569 1790 3630 nt
1808 3559 1856 3631 ad
1871 3560 2022 3654 expian-

620 3678 705 3751 dum
722 3679 937 3752 inimicorum
954 3679 1035 3752 lidei
1054 3682 1227 3776 peculiare
1239 3680 1291 3779 (d)
1305 3681 1473 3777 flagitium
1488 3683 1524 3754 in
1542 3683 1696 3778 partibus
1708 3683 1963 3775 transmarinis,
1978 3683 2023 3756 de

621 3801 793 3872 communi
825 3801 1171 3875 Transmontanorum
1201 3811 1236 3875 et
1254 3803 1448 3876 Italicorum
1477 3804 1639 3894 consilio,
1661 3805 1752 3876 votis
1782 3805 2022 3877 communibus

621 3925 828 3996 unanimiter
854 3926 1055 4020 aspiremus.
1082 3925 1137 3999 Ad
1164 3927 1259 4022 quod
1284 3937 1436 4000 vestrum
1459 3928 1622 4022 precipue
1647 3937 1682 4000 et
1714 3928 1818 3999 totins
1839 3927 2022 4000 christiane

622 4047 853 4119 universitatis
880 4047 1088 4142 presidium,
1108 4060 1224 4123 nostra
1249 4072 1318 4122 non
1343 4059 1476 4123 tantum
1497 4051 1641 4138 utilitas,
1664 4050 1727 4123 sed
1748 4051 1823 4146 ipsa
1840 4047 2023 4123 necessitas

622 4170 788 4242 instanter
817 4169 959 4260 invitat,
983 4193 1062 4242 cum
1086 4182 1284 4265 treugarum
1304 4171 1383 4255 finis
1402 4195 1491 4268 quas
1511 4194 1575 4246 nos
1596 4173 1633 4245 in
1653 4171 1737 4267 ipsis
1753 4173 1909 4269 partibus
1925 4173 2022 4245 exis·

622 4301 731 4366 tentes
755 4292 920 4366 inivimus
946 4315 1024 4365 cnm
1056 4295 1215 4386 soldano,
1241 4297 1313 4368 lere
1333 4297 1369 4367 in
1389 4297 1506 4389 jannis
1529 4296 1710 4370 habeatur.
1733 4297 1848 4382 Quare
1872 4297 1917 4370 de
1935 4317 2023 4369 nos-

662 4505 702 4586 (n)
722 4508 780 4584 Ap.
795 4508 879 4570 l’ertz
893 4511 1110 4588 ccpeetotiooaa.

661 4611 701 4691 (t)
722 4613 778 4690 Ap.
794 4614 879 4675 Perta
890 4615 1094 4678 tantummodo
1108 4614 1225 4696 imperii
1234 4612 1348 4678 retem

662 4717 697 4796 (c)
719 4717 778 4795 Ap.
793 4719 877 4782 Perta
892 4717 1032 4784 attenta.
1381 4777 1386 4784 ,

663 4821 706 4902 (d)
725 4839 775 4899 ap.
792 4823 876 4886 Pertz
884 4825 1052 4905 pincolnre;
1064 4829 1096 4888 in
1109 4827 1208 4890 codlce
1220 4828 1375 4891 Harlclano
1382 4828 1439 4908 pio
1449 4825 1602 4892 omma.
