4859 6359
424 808 523 870 lentur.
539 801 582 886 9.]
871 797 1066 859 tttsrouta
1090 793 1383 857 btrtottttttctt.
1770 786 1830 848 885

424 941 525 1014 sidna
542 938 664 1012 decem
682 934 789 1007 millia
806 954 997 1005 marcarum
1015 932 1062 1005 ad
1079 932 1295 1026 subsequens
1312 931 1437 1002 testum
1454 927 1563 999 sancti
1578 925 1761 999 Michaelis.
1783 925 1826 997 ltt

424 1086 505 1135 cum
521 1063 567 1136 de
584 1058 785 1155 quindecim
804 1057 955 1129 millibus
976 1055 1100 1128 marcis
1122 1054 1224 1127 vobis
1246 1054 1319 1144 jam
1336 1052 1457 1125 solutis
1475 1052 1604 1123 litteras
1624 1046 1827 1121 excellentie

423 1196 537 1260 vestre
553 1183 709 1257 nondum
723 1182 953 1276 receperimus
967 1178 1013 1251 de
1028 1177 1175 1271 pecunie
1189 1176 1342 1271 predicte
1358 1174 1559 1270 quietantia,
1580 1174 1712 1268 placeat
1729 1170 1830 1241 vobis

424 1332 483 1383 eas
513 1310 614 1382 nobis
638 1305 883 1395 transmittere,
906 1302 1133 1399 precipientes
1163 1301 1304 1395 iusuper
1331 1310 1371 1371 nt
1397 1298 1591 1373 consimiles
1615 1296 1714 1369 nobis
1747 1294 1829 1365 liant

425 1433 579 1505 terminis
595 1432 739 1522 tuturis,
759 1429 835 1501 sine
851 1428 978 1522 quibus
991 1446 1061 1498 non
1079 1425 1252 1498 mediocre
1266 1424 1456 1519 pericnlum
1474 1422 1574 1494 nobie
1591 1428 1704 1515 posset
1717 1418 1829 1491 immi·

426 1576 519 1630 nere.
536 1556 655 1628 Cetera
668 1552 810 1648 quidem
824 1550 871 1623 de
889 1551 1027 1645 negotio
1043 1556 1161 1621 nostro
1178 1548 1358 1621 dominnm
1380 1568 1496 1640 regem
1511 1544 1651 1617 Francis
1666 1552 1828 1635 tangente

426 1680 608 1775 posuimus
629 1677 665 1747 in
688 1696 747 1748 ore
766 1673 997 1770 predictorum
1025 1672 1231 1744 nunciorum
1258 1679 1451 1744 nostrornm
1474 1669 1573 1741 vobis
1595 1664 1824 1762 explicanda3

427 1804 555 1898 quibus
567 1800 746 1873 intellectis
755 1797 934 1871 consilium
945 1798 1048 1891 quale
1056 1796 1155 1870 decet
1167 1794 1457 1890 magnificentiam
1468 1791 1678 1887 imperialem
1687 1800 1722 1863 et
1734 1788 1829 1862 unde

427 1926 528 1999 vobis
546 1925 659 1998 honor
680 1930 867 2018 perpetuus
886 1930 1057 1994 accrescat
1072 1929 1107 1993 et
1122 1929 1238 1992 nostra
1258 1928 1406 2013 potestas
1430 1924 1611 2011 angeatur,
1629 1914 1741 1987 eidem
1766 1934 1828 1986 ne·

427 2051 519 2145 gotio
535 2049 565 2122 si
585 2050 695 2143 placet
712 2057 867 2143 potenter
884 2046 1049 2120 adhibere
1067 2044 1192 2117 velitis.
1208 2045 1345 2117 Placeat
1364 2041 1531 2133 majestati
1550 2051 1665 2113 vestre
1687 2059 1748 2133 per
1770 2058 1829 2111 eos

427 2174 567 2246 nuntios
583 2182 715 2245 nostros
727 2171 827 2243 nobis
844 2170 1063 2243 renuncietis.

475 2298 575 2369 Teste
590 2314 672 2388 rege
688 2295 784 2389 apud
800 2294 1005 2383 bristollam,
1024 2291 1121 2363 XXX
1135 2290 1194 2363 die
1207 2289 1311 2381 junii,
1331 2285 1435 2386 [anno
1453 2285 1644 2384 vicesimo].

482 2883 718 2988 fridericus,
756 2883 1013 2965 Romanorum
1054 2881 1276 2988 imperator,
1318 2878 1557 2989 privilegium
1602 2879 1830 2961 monasterie
1897 2969 1911 2999 u
1978 2966 2013 3010 m,

428 3013 762 3124 Berchtesgadensi
788 3024 957 3120 tempore
979 3014 1086 3121 regni
1104 3013 1164 3095 sui
1186 3038 1287 3095 anno
1309 3014 1432 3118 1213,
1459 3009 1731 3118 micirculi,
1750 3036 1773 3093 a
1791 3036 1832 3092 se
1923 3022 1935 3051 ¹¹
1961 3022 1981 3054 ⁰·

429 3147 635 3250 indultum,
656 3146 788 3228 inserit
805 3156 843 3229 et
863 3145 1080 3227 renovando
1097 3144 1309 3227 confirmat.

509 3371 661 3453 (Editnm,
686 3375 795 3433 inserto
819 3375 883 3449 ipso
905 3373 1063 3448 diplomate
1087 3375 1191 3449 priori,
1212 3376 1244 3433 iu
1267 3372 1377 3444 Hunc,
1397 3371 1518 3451 Matrop.
1540 3368 1658 3444 salisb,
1683 3378 1755 3433 tom.
1778 3330 1827 3447 ΙΙΙ,

547 3497 578 3556 p.
599 3488 667 3550 182,
681 3485 712 3538 et
727 3494 775 3555 ap.
789 3478 919 3538 Monam.
934 3478 1027 3552 Boia,
1041 3485 1064 3538 t.
1084 3478 1179 3551 XXX,
1194 3497 1226 3556 p.
1243 3487 1392 3552 246-248,
1412 3495 1496 3539 unm.
1512 3478 1667 3553 DCCXLI,
1683 3496 1721 3539 ax
1734 3482 1830 3559 origi-

548 3586 609 3645 nali
622 3585 701 3646 unde
714 3585 842 3663 sigillum
854 3586 940 3645 valde
952 3588 1063 3646 laesum
1079 3587 1224 3663 appendet
1240 3603 1278 3645 cx
1293 3586 1352 3647 filis
1364 3588 1463 3647 sericis
1480 3586 1562 3647 rubri
1575 3586 1699 3665 eolorls.)

477 3783 516 3853 ln
538 3782 677 3853 nomine
695 3788 813 3854 sancte
829 3789 865 3852 ct
881 3779 1064 3852 individue
1083 3780 1271 3851 Trinitatis.
1293 3778 1486 3852 Fridericns
1503 3780 1692 3870 secundus,
1712 3782 1830 3855 divina

430 3908 567 3979 favente
595 3906 773 3991 clamantia
803 3906 1032 3978 Romanorum
1059 3906 1242 4001 imperator
1271 3928 1405 4001 semper
1433 3906 1617 4000 augustus.
1644 3908 1830 3981 Jerusalem

430 4043 464 4104 et
487 4032 601 4104 Sicilie
624 4053 700 4103 rex.
722 4031 910 4125 Imperialis
933 4031 1135 4105 excellentia
1163 4041 1246 4103 tunc
1272 4032 1434 4125 precipue
1455 4032 1509 4103 sni
1537 4032 1685 4105 nominis
1714 4034 1829 4107 titulos

431 4154 587 4249 ampliat,
606 4177 685 4226 cum
702 4153 821 4227 divine
837 4154 974 4249 pietatis
996 4155 1123 4226 intuitu
1145 4176 1206 4249 per
1232 4176 1336 4249 qnam
1362 4164 1475 4250 preest
1499 4155 1712 4250 principibus
1738 4158 1832 4229 orbis

430 4288 532 4367 terre,
547 4280 621 4351 loca
635 4279 845 4351 venerabilia
858 4282 915 4373 pia
928 4280 1052 4353 mentis
1069 4279 1248 4352 affectione
1266 4288 1392 4371 tuetur,
1414 4291 1448 4352 et
1465 4282 1577 4372 justas
1594 4300 1711 4352 eornm
1735 4282 1834 4352 lavo-

430 4401 581 4474 rabilitcr
607 4402 788 4497 petitiones
813 4401 973 4473 admittit.
1002 4403 1188 4497 Eupropter
1211 4403 1385 4476 universis
1410 4404 1545 4500 imperii
1574 4400 1735 4476 fidelibus
1762 4414 1832 4477 mm

431 4526 647 4621 presentibus
670 4549 775 4621 qoam
798 4527 922 4599 suturis
945 4528 1107 4598 volumus
1133 4548 1210 4599 esse
1239 4536 1358 4600 uotum
1387 4529 1482 4623 qnod
1581 4528 1773 4625 prepositus
1798 4538 1833 4600 et

431 4661 622 4724 conventus
652 4653 846 4725 monasterii
879 4651 1273 4745 Berbtarsgademenais‚
1306 4650 1423 4726 fideles
1458 4654 1583 4743 nostri,
1617 4653 1833 4750 privilegium

431 4776 606 4871 quoddam
630 4778 742 4850 eidam
762 4778 968 4851 monasterio
985 4800 1007 4851 a
1027 4776 1128 4850 nobis
1145 4777 1317 4850 indultum
1335 4778 1416 4851 olim
1435 4787 1586 4875 tempore
1607 4780 1704 4873 regni
1726 4779 1833 4851 nostri

432 4909 547 4973 nostre
565 4900 759 4974 celsitudini
774 4911 1027 4997 presentarunt,
1052 4900 1228 4975 humiliter
1250 4902 1480 4999 supplicantes
1495 4910 1534 4976 ut
1551 4902 1638 4977 illud
1656 4924 1735 4976 cnm
1759 4924 1833 4977 orn·
