4859 6359
418 790 514 853 luurcr.
531 788 578 866 'l.]
869 782 1065 846 fllsroltrtt
1090 780 1383 845 urrloutttrrctt.
1763 778 1825 842 683

469 924 574 995 rane
587 920 685 993 suem
704 923 774 1013 pre
790 870 848 1015 pe·
865 923 902 991 a
915 920 1142 1013 meane,
1160 920 1229 991 nos
1244 916 1486 1013 mcum:
1503 914 1540 987 c.
1561 914 1747 1010 Spirensis,
1777 915 1818 988 u.

413 1045 722 1141 Naumburgensis,
739 1054 775 1119 et
790 1042 1041 1119 H.Eistoteusis
1056 1042 1228 1141 episcopi,
1248 1042 1292 1113 il.
1312 1062 1427 1115 comes
1440 1038 1554 1132 Scine,
1570 1046 1606 1111 et
1619 1038 1679 1109 alii
1694 1059 1819 1133 quam

415 1170 589 1368 illffim
606 1280 862 1367 Frankenevort
877 1291 914 1363 iu
936 1291 1031 1365 curie
1050 1290 1235 1387 solempni,
1263 1308 1355 1361 nuno
1378 1287 1552 1362 dominice
1578 1286 1822 1360 incarnationis

414 1416 640 1492 dccxxxiv
646 1470 656 1510 ,
678 1416 778 1489 nouis
795 1414 975 1503 februarii,
994 1413 1183 1488 indictione
1199 1413 1359 1509 septima.

640 1712 923 1725 μιαιι-ιι--οοοιι--ο
929 1710 1423 1723 ο-ΙΗ-ιοι-Μι-κ-οο--ιαφιυ
1429 1708 1600 1721 -..ω’-οι..

468 1979 668 2087 Henricus,
684 1979 944 2063 Romanorum
957 2002 1045 2085 rex,
1060 1974 1189 2059 abbati
1206 1986 1245 2059 et
1260 1975 1459 2060 murentni
1475 1974 1524 2059 do
1541 1976 1668 2084 Porta,
1682 1976 1820 2063 Nucu-

416 2110 619 2224 burgensis
649 2110 851 2217 dioecesis,
875 2109 1047 2193 concedit
1073 2118 1117 2191 ut
1137 2134 1399 2219 quascumque
1429 2110 1685 2218 possessiones
1713 2136 1821 2222 quo-
1953 2106 1992 2157 ¹²¹¹

416 2270 580 2356 cumque
602 2244 713 2328 titulo
738 2270 761 2327 a
791 2243 969 2327 fidelibus
990 2242 1189 2352 imperiiob
1207 2243 1404 2347 timuerint,
1435 2244 1516 2327 siue
1538 2244 1645 2328 omui
1661 2254 1822 2329 coutra-

418 2376 581 2464 dicb'one
597 2379 638 2461 in
656 2388 880 2490 perpetuum
897 2374 1128 2486 possideant.

497 2592 622 2673 (Iusdlt.
637 2610 676 2655 cx
689 2593 825 2671 originali
837 2595 869 2653 ln
883 2592 1004 2653 archivo
1016 2590 1174 2653 Dresdensl
1195 2596 1364 2668 umato,
1382 2592 1462 2653 unde
1481 2607 1561 2653 anuo
1582 2600 1659 2654 tots
1678 2592 1825 2671 pendebat

534 2698 632 2760 adbuc
645 2700 772 2777 sigillum
785 2696 927 2775 cereum)

462 2888 503 2959 ln
517 2885 657 2959 nomine
671 2892 788 2959 sancte
802 2882 1029 2957 etindividue
1042 2882 1229 2956 Trinitatis.
1253 2884 1433 2957 lleinricus
1445 2884 1522 2975 vlt,
1544 2885 1607 2957 Dei
1624 2883 1734 2977 gretia
1749 2885 1824 2958 llo-

415 3031 597 3085 mancrum
611 3031 674 3083 rex
696 3017 732 3082 et
750 3028 886 3103 semper
902 3016 1084 3102 augustus.
1102 3006 1159 3079 Ao
1174 3006 1239 3081 boo
1255 3006 1376 3080 drino
1389 3006 1593 3102 disponente
1606 3007 1825 3103 providentia

416 3133 462 3209 ad
478 3132 577 3225 regui
591 3132 826 3227 gubernacula
844 3152 909 3205 nos
924 3152 1001 3205 esse
1017 3128 1192 3203 credimus
1214 3131 1432 3223 sublimatos,
1453 3141 1492 3203 ut
1509 3152 1686 3205 servorum
1704 3133 1768 3207 Dei
1785 3133 1826 3206 iu

415 3256 660 3353 temporalibus
685 3254 852 3329 subsidiis
875 3255 1082 3328 utilitatibus
1103 3254 1304 3327 liberalitate
1320 3255 1416 3350 regio
1441 3256 1661 3329 consulemus
1682 3267 1717 3329 et
1741 3279 1825 3352 pro-

415 3379 564 3476 pensiori
576 3380 710 3454 cautele
724 3378 907 3475 diligentia
923 3378 1180 3475 privilegiorum
1197 3388 1391 3451 nostrorum
1409 3376 1666 3453 confirmatione
1683 3381 1824 3476 prospi-

416 3526 493 3578 cere
513 3504 727 3579 studeamus.
750 3502 835 3577 Inde
857 3502 1021 3598 estquod
1042 3503 1212 3577 universis
1237 3504 1370 3599 imperii
1396 3502 1559 3578 fidelibus
1574 3507 1825 3581 essevolumus

415 3628 632 3703 macilentum
641 3628 738 3723 quod
754 3648 829 3719 nos,
845 3628 1036 3701 imitatione
1051 3628 1157 3723 patris
1169 3628 1276 3701 nostri
1292 3628 1503 3702 serenissimi
1515 3630 1746 3701 Romanorum
1758 3630 1824 3702 irn-

414 3752 580 3846 peraloris
597 3762 632 3824 et
647 3772 781 3847 semper
797 3752 936 3847 augusti
953 3750 1136 3845 Friderici,
1165 3752 1321 3847 petitioni
1342 3753 1579 3847 religiosorum
1590 3753 1744 3825 virorum
1762 3752 1825 3827 ab·

414 3874 503 3949 batis
518 3884 554 3949 et
571 3884 762 3951 conventus
777 3874 822 3951 de
833 3876 945 3965 Porta,
964 3875 1195 3949 cisterciensis
1206 3874 1353 3966 ordinis,
1367 3876 1648 3971 Nuenburgeusis
1659 3874 1821 3971 dionesie,

414 3999 609 4073 satisfacere
622 4000 816 4095 cupientes,
834 4021 897 4097 pro
907 4000 1062 4075 remedio
1075 4000 1191 4075 anime
1206 4009 1322 4075 nostre
1332 4001 1424 4075 banc
1439 4000 1491 4073 sis
1506 4001 1652 4096 gratim
1668 4011 1704 4075 et
1718 4002 1822 4075 licen·

413 4121 495 4195 tiam
515 4120 683 4196 duximus
699 4124 954 4199 concedendam
972 4134 1011 4198 ut
1031 4146 1271 4221 quascumque
1295 4124 1528 4223 possessiones
1550 4126 1587 4197 in
1608 4124 1700 4219 agris
1721 4124 1821 4198 vide·

412 4245 512 4335 licet,
532 4246 662 4337 vineis,
687 4250 812 4343 pratis,
839 4248 957 4341 silvis,
982 4248 1099 4344 equis,
1129 4249 1289 4345 pascuis,
1317 4249 1416 4323 terris
1441 4248 1543 4322 cultis
1562 4249 1619 4321 vel
1636 4248 1775 4321 incultis
1797 4269 1818 4321 a

413 4364 575 4443 fidelibus
589 4370 724 4467 imperii
748 4372 847 4446 titulo
870 4370 1081 4461 donationis,
1106 4374 1291 4469 emptionis
1309 4396 1372 4449 seu
1391 4372 1584 4447 concambii
1607 4372 1821 4468 optinuerint

412 4494 469 4567 vel
493 4494 591 4589 prius
618 4497 853 4592 optinuerant,
889 4498 965 4571 sine
987 4498 1082 4571 omni
1107 4520 1249 4593 prorsus
1270 4496 1592 4573 contradictionem
1614 4505 1819 4592 perpetuum

412 4626 527 4690 nostre
542 4620 728 4713 mejestatis
741 4620 942 4695 auctoritate
958 4620 1171 4717 possideant.
1192 4623 1236 4695 Ut
1251 4632 1367 4696 autem
1379 4621 1444 4696 hcc
1461 4628 1577 4693 nostru
1594 4618 1733 4695 donatio
1743 4630 1818 4695 rata

411 4741 634 4839 inposterum
644 4756 679 4819 et
689 4746 893 4821 inconvulse
906 4744 1084 4842 perduret,
1105 4757 1299 4843 presentem
1313 4746 1817 4843 paginamsupereaconsoribi

412 4874 448 4939 et
464 4866 568 4961 sigilli
582 4870 689 4943 nostri
701 4870 927 4968 impressione
945 4871 1087 4945 lecimus
1097 4871 1316 4949 communiri.

510 4990 565 5054 lv.
588 5008 621 5053 r·
656 5008 678 5051 a.
1620 5002 1658 5056 80
