4859 6359
320 744 418 806 horor.
433 742 478 820 6.]
766 734 964 797 HISTORIA
990 734 1285 804 ututouttutctt.
1673 738 1734 801 593

401 874 528 955 (Inedlt.
547 888 587 934 ex
606 870 674 932 cod.
693 868 750 931 sub
768 870 853 929 lnltlo
872 870 963 931 secull
979 870 1086 931 declml
1103 874 1201 933 octavi
1218 878 1356 946 marato,
1379 872 1458 933 dlcto
1480 869 1667 934 Glrcrtular‘rc
1683 870 1732 933 der

436 978 618 1061 primati-ts
631 973 666 1037 dc
678 974 852 1057 Haprreoau,
867 976 899 1035 ln
911 974 1032 1037 arclrlro
1045 976 1262 1056 Argentlnensl,
1279 977 1330 1039 lot.
1347 986 1397 1053 tlt,
1410 986 1448 1039 aa
1461 985 1492 1040 ct
1507 977 1589 1058 tot.)

370 1112 551 1245 ilenricus,
565 1159 628 1235 Dei
641 1158 753 1255 gratia
767 1159 997 1231 Romanorum
1013 1180 1077 1232 rex
1093 1181 1229 1256 semper
1239 1169 1426 1255 augustus,
1440 1161 1594 1233 scultetis
1601 1162 1732 1257 quipro

323 1297 476 1383 tempore
502 1284 630 1359 merim
657 1283 819 1375 Hagenoe
841 1282 1033 1376 ceterisque
1055 1283 1190 1379 imperii
1215 1284 1377 1357 fidelibus
1400 1285 1530 1379 quibus
1556 1285 1622 1357 hec
1636 1286 1733 1359 litera

323 1411 478 1484 exhibita
486 1409 602 1499 luerit,
614 1406 758 1501 gratiam
770 1427 870 1478 suam
881 1414 1026 1479 etomne
1037 1407 1511 1502 bonumReligiosamvitam
1523 1408 1733 1481 habentibus

324 1534 437 1629 regale
450 1533 554 1608 debet
566 1532 690 1607 adesse
706 1530 917 1628 presidium,
937 1551 981 1603 ne
991 1531 1144 1625 cujusvis
1165 1533 1365 1607 temeritatis
1383 1532 1543 1605 incursus
1562 1542 1624 1605 aut
1637 1554 1732 1607 cosa

324 1659 415 1731 bono
432 1658 611 1755 proposito
627 1664 767 1730 revocet
785 1662 844 1728 aut
869 1656 906 1727 iu
932 1655 996 1746 eis,
1018 1656 1113 1749 quod
1127 1656 1235 1747 absit,
1262 1656 1371 1729 robur
1387 1677 1451 1730 sue
1465 1656 1733 1730 conversationis

323 1782 498 1876 infringat.
516 1782 607 1855 Hinc
620 1789 673 1855 est
686 1778 782 1876 quod
795 1778 842 1852 ad
857 1778 1012 1853 notitiam
1029 1780 1244 1875 singulorum
1265 1781 1428 1853 volumus
1443 1781 1624 1877 pervenire
1635 1780 1733 1875 quod

324 1927 388 1979 nos
413 1928 476 2001 pro
501 1906 617 1979 anime
640 1916 755 1979 nostre
776 1904 887 1977 salute
912 1902 1072 2000 hospitali
1090 1913 1206 1977 nostro
1229 1905 1266 1976 iu
1287 1905 1454 1997 Hagenau
1469 1903 1515 1978 de
1530 1905 1733 1978 liberalitate

324 2030 418 2125 regia
432 2026 862 2123 duximusindolgendum
877 2026 972 2122 quod
981 2028 1194 2123 quicumque
1204 2028 1362 2101 homines
1374 2028 1578 2115 nostri,zelo
1594 2027 1676 2101 lidei
1691 2051 1733 2101 ac

325 2154 519 2229 devotionis
541 2152 691 2243 accensi,
706 2174 744 2225 se
766 2174 846 2225 oum
869 2151 974 2224 rebus
996 2162 1031 2223 ct
1047 2152 1200 2247 personis
1215 2150 1263 2225 ad
1285 2153 1407 2225 iratres
1425 2152 1601 2246 hospitalis
1623 2152 1734 2248 ipsius

324 2281 508 2351 transferre
532 2276 724 2368 voluerint,
754 2276 829 2349 sive
857 2276 891 2346 in
918 2274 1040 2348 habitu
1062 2276 1237 2367 religionis
1259 2276 1336 2349 sive
1360 2274 1397 2347 in
1424 2276 1570 2349 seculari
1590 2276 1730 2366 habitu,

324 2402 472 2476 Domino
494 2402 654 2475 servituri
683 2402 720 2473 in
745 2400 856 2497 ipsius
882 2400 1015 2474 ordinis
1038 2402 1238 2493 confratria,
1266 2422 1488 2497 quocumque
1507 2401 1612 2474 modo
1634 2400 1735 2475 nobis

325 2526 508 2614 attineant,
537 2524 762 2599 transferendi
784 2546 822 2597 se
846 2524 928 2595 illuc
953 2524 1095 2597 liberam
1122 2524 1272 2597 habeant
1291 2526 1507 2616 facultatem,
1534 2546 1600 2598 nec
1618 2533 1735 2620 postea

326 2660 507 2725 teneantur
520 2650 618 2722 uobis
637 2650 672 2721 iu
685 2648 861 2743 aliquibus
878 2648 1028 2721 servitiis
1050 2671 1120 2743 qne
1141 2649 1177 2720 in
1195 2648 1372 2744 hospitalis
1387 2650 1526 2723 valeant
1540 2650 1736 2723 redundare

326 2773 549 2869 dispendium
575 2772 633 2844 vel
670 2793 872 2865 gravamen.
908 2772 974 2845 Per
1001 2772 1146 2865 gratiam
1177 2794 1318 2868 quoque
1340 2772 1389 2871 (a)
1415 2782 1566 2845 nostram
1596 2773 1738 2847 firmiter

325 2896 524 2970 iuhibemus
538 2919 582 2970 ne
595 2896 676 2991 quis
686 2896 852 2969 scultetus
863 2906 924 2969 aut
932 2895 1087 2970 officialis
1100 2905 1214 2979 noster
1222 2897 1298 2971 sive
1306 2898 1375 2971 alia
1387 2918 1532 2993 persona
1545 2896 1737 2993 predictum

324 3022 494 3118 hospitale
513 3022 550 3094 in
566 3020 633 3093 hac
658 3020 767 3115 gratia
791 3019 857 3092 sibi
879 3020 968 3093 lacta
989 3020 1037 3115 (t)
1062 3031 1237 3115 presumat
1256 3018 1477 3115 aliquomodo
1500 3021 1680 3093 molestare
1705 3030 1741 3094 ct

329 3147 430 3220 etiam
444 3155 563 3219 contra
580 3146 691 3243 ipsam
707 3144 848 3235 venire;
862 3144 958 3239 quod
975 3144 1037 3240 qui
1050 3153 1253 3240 attemptare
1265 3144 1311 3240 (c)
1324 3145 1585 3241 presumpserit,
1599 3145 1738 3239 triginta

328 3293 461 3345 marcas
478 3271 554 3345 anri
571 3278 767 3365 componat,
792 3290 940 3365 quarum
960 3268 1126 3343 medietas
1146 3269 1248 3344 cedat
1265 3270 1385 3361 nobis3
1417 3270 1552 3365 reliqua
1571 3270 1738 3345 medietas

328 3396 436 3491 passis
452 3394 614 3487 iujuriam
628 3393 856 3489 persolvatur.

374 3520 500 3593 Datum
514 3516 610 3615 apud
627 3518 802 3611 Hagenoe,
823 3516 978 3591 calendis
995 3518 1204 3611 decembris,
1224 3518 1414 3593 indictione
1428 3530 1539 3594 sexta.
1628 3622 1630 3625 Α

380 4144 588 4253 Henricus,
616 4146 877 4231 Romanorum
904 4174 989 4256 rex,
1018 4148 1188 4233 Waltero
1218 4150 1268 4233 de
1292 4149 1492 4234 Hochdori
1519 4154 1738 4236 monasterii
1825 4177 1925 4284 ”dm

331 4275 466 4361 Montis
484 4276 721 4389 Angelorum
738 4278 841 4365 bona
858 4280 899 4362 in
917 4282 1071 4392 Aargau
1090 4284 1182 4390 sita,
1209 4286 1394 4394 quamdiu
1416 4283 1546 4368 abbati
1567 4285 1739 4395 ejusdcm
1779 4284 1931 4330 amaa

331 4409 505 4493 ecclesiae
519 4410 717 4521 placuerit,
737 4414 879 4497 tuenda
897 4416 1149 4501 commendat.

369 4624 410 4704 (a)
432 4627 516 4689 Alias
529 4644 607 4709 erpo.

369 4728 410 4809 (b)
432 4730 672 4796 Alluscclrtatu.

373 4834 410 4918 (c)
430 4838 466 4899 ln
480 4838 618 4903 omnibus
629 4847 787 4921 acceptare,
802 4840 889 4903 mole.

408 4944 462 5007 IV.
484 4959 541 5005 Pnrr
552 4962 574 5005 2
