4859 6359
620 763 682 825 920
1119 760 1335 823 salustra!
1360 760 1532 823 sacuam
1844 763 1923 847 [An.
1942 766 2029 829 ttae.

624 898 713 971 dicis
731 896 900 970 sententia
925 894 1059 989 dejicit,
1082 896 1171 971 alios
1194 896 1354 969 substitui
1372 896 1431 988 jus
1457 895 1578 969 datum
1602 896 1723 971 celitus
1744 898 1931 972 interdicit.
1952 899 2034 973 llsto

623 1022 719 1117 quod
736 1022 773 1093 in
790 1020 970 1095 collatione
991 1018 1239 1095 banelidorum
1260 1019 1485 1093 morientibus
1503 1020 1671 1095 suomdas
1691 1030 1730 1094 ut
1742 1020 1829 1095 dicia
1847 1022 2031 1120 episcopis,

625 1148 792 1238 majorem
809 1144 844 1216 in
861 1144 927 1219 hoo
948 1145 1033 1241 ipsis
1053 1166 1124 1219 non
1145 1144 1347 1240 adipisceris
1367 1153 1587 1239 potestatem,
1613 1166 1680 1219 nec
1695 1167 1758 1218 nus
1779 1146 1825 1219 ob
1847 1145 1885 1219 id
1905 1148 2034 1241 quiuis

624 1269 823 1341 viventibus
838 1269 993 1342 conterre
1010 1266 1179 1341 machaia
1193 1290 1265 1343 non
1283 1268 1404 1341 collata
1420 1268 1612 1362 potuimus,
1626 1270 1702 1361 jam
1716 1279 1750 1343 te
1764 1270 1879 1341 locum
1895 1278 2035 1343 tenente

625 1414 670 1465 ue
682 1393 840 1467 dicamus
854 1402 1044 1487 usurpante
1057 1390 1244 1489 pontilicis,
1256 1391 1441 1487 apostolice
1455 1391 1643 1465 amittimus
1657 1391 1905 1488 plenitudinem
1921 1400 2033 1486 potes·

624 1516 934 1589 tatis.Venerabilis
950 1516 1092 1611 insuper
1107 1517 1214 1590 irater
1232 1524 1348 1589 noster
1362 1514 1633 1611 cephaludensis
1651 1517 1845 1612 episcopus,
1863 1516 2033 1589 archidia-

625 1663 734 1714 conus
749 1640 983 1715 salernitanus
995 1650 1031 1712 et
1041 1640 1172 1714 Sorane
1182 1639 1332 1714 multatis
1344 1639 1500 1727 ecclesio,
1520 1637 1606 1711 dnm
1620 1660 1680 1713 eos
1694 1639 1741 1713 ad
1755 1662 1903 1713 examen
1920 1648 2034 1712 nostre

625 1764 909 1838 considerationis
938 1763 1165 1856 adducimus,
1191 1785 1301 1859 quare
1334 1764 1391 1837 isti
1418 1763 1575 1859 perpetui
1601 1762 1698 1837 exilii
1726 1773 1761 1835 et
1785 1764 1843 1837 ille
1867 1772 2033 1859 perpetue

624 1890 799 1985 patiantur
813 1888 915 1961 ruine
931 1887 1114 1983 dispendia
1129 1888 1349 1983 ignoramus,
1373 1887 1440 1959 nisi
1457 1886 1554 1981 quod
1571 1886 1656 1960 dnm
1673 1896 1791 1961 contra
1808 1909 1928 1983 pacem
1946 1888 2034 1961 inter

627 2022 662 2085 te
685 2035 727 2087 ao
744 2014 931 2087 Ecclesium
951 2012 1168 2087 Mormatam
1190 2012 1382 2109 spiritualia
1404 2012 1494 2085 sicut
1513 2012 1680 2084 secularia
1699 2010 1852 2104 judicas,
1870 2010 1956 2085 dum
1973 2032 2034 2085 eos

626 2139 688 2230 qui
709 2158 774 2210 sno
791 2136 933 2209 domino
947 2147 1039 2209 stant
1057 2145 1119 2209 aut
1135 2136 1267 2209 cadunt
1281 2156 1350 2209 nou
1370 2136 1547 2209 convictos
1561 2157 1627 2207 nec
1642 2136 1814 2209 confessos
1831 2158 1919 2231 pena
1938 2135 2033 2229 jndi-

626 2261 718 2333 cium
727 2262 933 2356 preveniens
947 2259 1228 2357 condemnat(o),
1239 2260 1351 2333 divini
1360 2258 1484 2352 judicii
1499 2258 1658 2333 threnum
1677 2260 1876 2354 aggrederis
1891 2260 2033 2354 alleges

625 2386 756 2480 quibus
773 2384 881 2480 digne
901 2385 1114 2457 submittitur
1130 2384 1343 2479 principatus
1359 2405 1382 2456 a
1398 2382 1469 2456 lero
1487 2384 1598 2477 patrio
1616 2384 1760 2456 exulare
1776 2384 1965 2478 compellis.
1983 2386 2034 2457 lle

627 2510 686 2583 illo
700 2510 762 2603 qui
780 2532 818 2583 se
833 2510 1059 2583 Geracensem
1077 2508 1162 2583 dicit
1178 2508 1379 2603 episcopum
1396 2516 1548 2579 tacemus
1560 2507 1607 2581 ad
1620 2528 1774 2601 presens,
1791 2528 1895 2600 quem
1913 2506 2034 2579 elech’o

625 2635 790 2708 canonica
816 2634 1036 2730 pretermissa
1063 2633 1120 2706 vel
1145 2654 1208 2728 per
1237 2631 1497 2728 impressionem
1528 2630 1648 2704 habita
1677 2632 1821 2705 ecclesis
1851 2630 2034 2705 Geracensi

625 2757 919 2830 matrimonialiter
940 2758 1082 2851 alligare
1099 2778 1169 2829 non
1187 2756 1316 2851 potnit,
1334 2757 1435 2848 cujus
1453 2754 1664 2829 consecratio
1682 2757 1789 2827 lorma
1804 2756 2035 2829 ecclesiastica

623 2882 714 2953 sicut
738 2881 865 2953 dicitur
895 2880 1058 2953 destituta
1085 2902 1151 2952 nec
1174 2881 1243 2952 sibi
1268 2878 1509 2953 executionem
1532 2878 1637 2951 ullicii
1664 2880 1807 2951 contulit
1829 2900 1894 2953 neo
1918 2880 2033 2975 ipsum

624 3006 718 3077 illius
747 3006 892 3077 ecclesie
915 3006 972 3077 vel
1000 3005 1140 3078 alterius
1167 3005 1370 3102 episcopum
1397 3024 1473 3075 esse
1504 3003 1597 3075 iecit.
1622 3002 1768 3077 Vincula
1791 3025 1875 3077 vero
1900 3003 2034 3098 nepotis

625 3128 717 3222 regis
735 3129 857 3202 Tuneti
878 3129 909 3201 si
925 3150 967 3201 ea
984 3138 1077 3201 recta
1094 3130 1169 3202 acie
1186 3126 1471 3203 considerationis
1486 3126 1691 3221 inspiceres,
1712 3128 1749 3199 in
1767 3138 1932 3221 quantem
1945 3126 2034 3219 juris

626 3262 662 3325 et
679 3252 789 3326 divini
812 3252 960 3325 nominis
977 3252 1221 3325 contumeliam
1247 3250 1481 3349 compeditum
1508 3250 1650 3345 alligent
1676 3252 1778 3345 plene
1801 3250 1926 3341 scires3
1951 3251 2035 3345 quia

627 3376 771 3470 indigne
788 3376 953 3449 seductus
975 3377 1151 3469 asseritur,
1169 3378 1233 3471 qu‘i
1254 3376 1301 3451 ad
1325 3376 1480 3451 notitiam
1506 3395 1588 3449 aere
1611 3372 1694 3448 fidei
1710 3375 1826 3469 aliquo
1849 3373 2035 3450 inducente

626 3503 683 3574 vel
692 3504 765 3573 Deo
777 3500 890 3595 potius
903 3500 1092 3595 inspirante
1106 3497 1268 3593 vocatum
1286 3500 1372 3595 quin
1389 3499 1504 3595 potins
1519 3506 1688 3593 qnantum
1705 3498 1924 3594 probationes
1937 3498 2034 3593 qnod

626 3634 738 3721 preter
763 3624 928 3697 offensam
953 3625 1044 3717 regis
1069 3624 1228 3718 ejusdem
1254 3633 1290 3697 et
1315 3644 1386 3697 non
1413 3622 1669 3695 circumventus
1694 3620 1740 3695 ad
1767 3642 1831 3695 nos
1858 3622 2035 3697 accederet

625 3758 827 3844 recepturus
860 3749 1074 3843 baptismatis
1108 3756 1361 3822 sacramentum
1398 3746 1620 3843 expostulas,
1645 3756 1763 3841 aperte
1796 3747 1969 3839 colligitur
2000 3757 2036 3821 et

625 3871 732 3945 idem.
748 3873 847 3945 Clara
865 3874 1051 3946 multorum
1070 3894 1158 3948 voce
1175 3872 1309 3947 uhnam
1327 3894 1397 3946 non
1416 3871 1552 3946 dicatur
1566 3870 1663 3965 qnod
1676 3872 1848 3967 apostolos
1868 3881 1904 3945 et
1926 3870 2035 3945 disci-

624 3996 728 4092 pulos
744 3996 900 4069 veritatis
916 4018 987 4070 non
1005 3997 1082 4070 siue
1099 3997 1255 4091 magistri
1269 3996 1395 4091 injuria
1408 3996 1589 4070 manilesta
1603 3996 1719 4067 innuis
1737 3994 1954 4083 seductores,
1971 3995 2032 4091 qni

624 4121 784 4195 inimicos
800 4121 913 4193 crucis
931 4121 1056 4193 Christi
1082 4120 1359 4216 adagnitionem
1376 4120 1464 4193 lucis
1481 4130 1598 4195 eterne
1617 4120 1755 4195 monitis
1773 4120 1964 4193 invitarunt
1979 4140 2034 4193 sa-

624 4246 793 4318 lutaribus
809 4253 845 4318 et
864 4245 1025 4318 invitant.
1042 4246 1087 4318 Et
1108 4266 1156 4319 ex
1177 4265 1221 4318 eo
1240 4244 1343 4317 tacite
1359 4246 1482 4319 asseris
1500 4264 1569 4317 non
1592 4242 1719 4319 dehere
1738 4246 1810 4317 Deo
1829 4252 1949 4317 conus
1966 4244 2034 4317 hc-

624 4371 753 4443 minem
778 4368 934 4459 obediri,
954 4368 1050 4464 quod
1067 4369 1199 4443 dictum
1215 4376 1374 4463 nepotem
1401 4368 1515 4441 credis
1536 4366 1699 4443 debuisse
1724 4370 1847 4465 prelati
1873 4368 1966 4461 regis
1991 4367 2035 4439 li-

622 4495 772 4567 centiam
787 4493 985 4589 prestolari,
1005 4514 1085 4567 oum
1107 4494 1171 4567 tibi
1196 4514 1267 4567 uon
1285 4494 1386 4567 liccat
1409 4493 1567 4589 ignorare
1596 4494 1694 4588 quod
1716 4502 1831 4566 tantm
1856 4503 1911 4567 est
1937 4495 2034 4566 lavor

622 4616 839 4713 baptismatis
851 4628 892 4691 ut
907 4618 1011 4713 etiam
1026 4639 1166 4711 seruos,
1183 4618 1274 4692 siout
1288 4639 1311 4691 a
1320 4622 1407 4713 jugo
1420 4618 1587 4709 criminis,
1608 4618 1659 4691 sic
1676 4618 1794 4691 invitis
1813 4616 1963 4691 dominis
1981 4618 2035 4689 in·

625 4738 790 4815 fidelibus
808 4752 843 4815 et
861 4762 922 4815 eos
942 4744 1098 4815 converti
1122 4741 1321 4816 nolentibus
1338 4762 1360 4815 a
1378 4751 1499 4816 catena
1519 4742 1650 4816 eximat
1679 4741 1867 4817 servitutis.
1898 4740 2035 4815 Utinam

667 4880 708 4963 (a)
726 4884 786 4962 Ap.
799 4884 946 4966 llnyneld.
959 4882 1142 4950 medemnas.
