4859 6359
395 757 496 820 buce.
513 755 580 833 7.]’-
847 747 1043 812 iiisussititt
1065 695 1359 812 discoriantes.

456 1025 464 1080 ξ
515 1025 562 1088 ’.ἱ
618 1013 1533 1084 Μψῆμψμμωημιυω
1551 1035 1593 1062 ὲ...
1654 1021 1690 1048 ¹«

449 1280 655 1438 bertricus,
675 1275 1041 1437 Romanorumrert,
1059 1271 1308 1444 pdtpm'fadi't
1325 1285 1434 1438 ¹quod
1449 1327 1501 1432 ‚in
1514 1285 1803 1440 judiciocorem
1843 1351 1994 1448 [puppes

397 1489 439 1546 se
467 1463 590 1567 Haiiis
615 1461 747 1578 babitu
775 1461 1302 1574 surperpontrorersiaquae
1338 1460 1451 1572 intep.
1468 1460 1519 1544 G..
1541 1461 1725 1547 comitem
1756 1461 1804 1543 de

395 1597 655 1689 Loewemtein
677 1605 716 1705 et
741 1595 1039 1692 convenam
1063 1574 1284 1703 Madelberg
1300 1594 1518 1679 vertebatur
1533 1593 1581 1676 de
1608 1597 1804 1684 adsumtis

397 1730 524 1829 cunae
550 1730 594 1810 in
623 1729 929 1835 Gburembarch,
953 1727 1142 1810 sandtum
1167 1725 1249 1809 tuit.
1267 1737 1321 1822 ut,
1340 1727 1475 1817 comiti·
1495 1753 1609 1836 super
1639 1729 1806 1813 indebita

396 1864 630 1973 impetitione
647 1862 840 1946 silentium
856 1863 1127 1972 imponeretur.

480 2088 604 2169 (incdit.
618 2108 657 2152 ex
673 2093 826 2170 originffl,
840 2098 875 2152 nt
886 2097 973 2168 putat
984 2089 1120 2163 iinusicr,
1135 2091 1188 2167 qni
1200 2087 1287 2172 nobis
1299 2089 1379 2152 idem
1392 2091 1619 2152 instrumentum
1635 2095 1806 2154 commum-

517 2200 608 2259 carit.
630 2198 783 2258 hierddit
802 2196 949 2276 rigidum,
964 2199 1133 2258 remanente
1149 2195 1271 2256 cordula
1284 2197 1417 2256 caeruiae
1433 2213 1471 2257 ax
1485 2213 1545 2274 qua
1562 2199 1712 2274 pependit.
1726 2199 1807 2260 ites-

521 2305 649 2382 criptum
662 2311 763 2364 tamen
775 2305 874 2380 potius
889 2318 981 2381 qum
999 2304 1161 2380 genuinum
1180 2317 1244 2362 asse
1258 2317 1428 2377 censemus,
1452 2303 1524 2364 dum
1547 2307 1647 2381 magni
1664 2307 1806 2365 momenti

518 2411 653 2485 mendae,
664 2413 835 2488 praesertim
847 2413 881 2471 in
888 2409 1010 2471 nomine
1019 2409 1107 2487 primi
1117 2411 1202 2470 testie
1211 2413 1243 2470 et
1254 2411 1405 2470 notatione
1413 2411 1495 2484 anni,
1506 2409 1803 2489 animadvertentur.)

445 2622 651 2714 Heinricns,
676 2623 740 2696 Dei
768 2624 878 2716 gratia
905 2624 1136 2696 Romanorum
1166 2644 1231 2695 rex
1262 2643 1399 2718 semper
1425 2633 1615 2716 angustus,
1644 2627 1805 2700 omnibus

396 2744 522 2816 Christi
538 2744 719 2837 fidelibus,
738 2745 806 2818 boc
820 2747 984 2842 scriptum
1000 2745 1234 2837 intuentibus,
1266 2743 1371 2818 fidem
1395 2745 1558 2818 adbibere
1590 2749 1802 2844 subscriptis.

396 2869 453 2942 Ad
476 2879 679 2942 cunctorum
697 2870 862 2943 uolumus
877 2871 1062 2966 'pervenire
1085 2869 1247 2943 noticiam
1268 2869 1366 2963 qnod
1386 2891 1465 2941 cum
1482 2870 1525 2941 iis
1544 2871 1634 2942 inter
1654 2851 1804 2946 nobilem

395 2992 531 3081 virum,
546 2991 588 3065 G.
607 2993 827 3066 comitanda
843 2993 1062 3068 lewenstein
1081 3011 1234 3085 ax'una,
1260 3001 1295 3066 et
1309 2993 1521 3088 prepositum
1541 3001 1576 3065 et
1596 3005 1804 3068 conuentum

398 3116 444 3190 de
471 3116 706 3206 Madeibercb,
729 3117 864 3194 ordinis
888 3117 1231 3208 Premonstratensie,
1260 3125 1451 3190 verteretur
1474 3137 1521 3188 ex
1549 3126 1648 3212 parte
1674 3120 1800 3208 altera,

395 3261 501 3336 super
515 3239 699 3316 advocatia
713 3241 864 3326 curiein
891 3241 1158 3334 Churembercb,
1176 3261 1283 3334 quam
1299 3239 1366 3312 sibi
1386 3239 1479 3311 idem
1501 3261 1616 3314 comes
1636 3243 1804 3316 violenter

395 3373 430 3436 et
445 3375 564 3437 contra
574 3366 750 3456 justiciam
765 3365 940 3438 nitebatur
954 3364 1142 3438 vendicare
1154 3373 1188 3436 et
1202 3385 1267 3436 suo
1282 3363 1437 3436 dominio
1452 3363 1652 3462 subjugare,
1671 3376 1803 3440 contra-

396 3486 537 3560 dicente
551 3490 681 3582 pretato
698 3489 871 3584 preposito
898 3498 934 3561 et
962 3498 1134 3562 conventu
1154 3487 1250 3582 quod
1275 3488 1381 3560 nichil
1401 3487 1544 3560 baberet
1560 3489 1647 3580 juris
1673 3490 1708 3561 in
1729 3491 1803 3586 ipsa

397 3611 509 3699 curia,
525 3633 591 3683 nec
606 3613 644 3682 in
655 3612 837 3706 aliquibus
846 3613 948 3685 bonis
962 3611 1009 3684 ed
1025 3612 1180 3707 ipsorum
1194 3612 1440 3683 monasterium
1454 3612 1705 3706 pertinencium
1718 3610 1800 3712 (ab),

399 3735 536 3808 ratione
565 3735 763 3809 advocatie·
780 3737 855 3808 vei·
870 3739 1124 3830 cujuscumque
1163 3735 1324 3826 dominii;
1357 3735 1512 3830 partibus
1548 3735 1653 3828 igitur
1691 3759 1804 3811 coram

396 3859 497 3932 nobis
524 3861 791 3955 conparentibns
804 3861 1014 3953 injudicio,
1035 3862 1072 3930 in
1095 3860 1234 3932 civitate
1253 3857 1362 3931 iiallis
1379 3855 1517 3950 habito,
1544 3879 1590 3930 ex
1609 3867 1705 3956 parte
1725 3878 1805 3956 pre-

396 3983 455 4055 tati
471 3978 637 4078 prepositi
656 3987 692 4056 et
711 3991 905 4057 contentos
926 3985 987 4055 sni·
1005 3983 1185 4056 evidenter
1206 3983 1274 4054 init
1291 3991 1486 4071 ostensum,
1505 3992 1539 4055 et
1557 4003 1619 4078 per
1636 3985 1806 4057 autentica

396 4107 588 4180 litterarum
602 4108 828 4180 instrumenta
848 4107 1014 4201 legittime
1029 4104 1276 4202 conprobatum
1291 4105 1405 4199 quod,
1424 4115 1462 4176 ut
1477 4106 1708 4202 premisimus,
1727 4129 1806 4200 pre·

396 4229 489 4302 satus
504 4251 620 4303 eomes
646 4231 777 4303 nuliam
792 4230 935 4302 omnino
957 4230 995 4300 in
1010 4230 1197 4324 predictam
1216 4230 1346 4302 curiam
1363 4229 1503 4302 baberet
1517 4229 1803 4320 jurisdictionem.

396 4351 497 4426 Unde
515 4375 537 4425 a
553 4352 687 4424 eunctis
709 4373 827 4426 eoram
846 4351 947 4424 nobis
969 4350 1100 4425 ibidem
1122 4352 1405 4443 consistentibus,
1423 4372 1486 4446 per
1500 4351 1708 4426 ordinariam
1723 4335 1807 4423 'sen-

394 4476 544 4548 tenciam
573 4477 640 4548 fuit
673 4477 860 4569 sancitum,
898 4485 938 4547 ut
963 4477 1116 4571 sepefato
1141 4475 1257 4547 comiti
1289 4496 1393 4570 snper
1419 4473 1572 4546 indebita
1598 4463 1808 4568 impetitione

394 4600 564 4697 prelibata
588 4600 685 4672 curie
710 4600 885 4672 silentium
909 4599 1183 4694 imponeremus,
1202 4607 1237 4670 et
1260 4597 1431 4692 predictos
1455 4598 1549 4670 viros
1572 4598 1748 4692 religiosos
1771 4599 1807 4669 in

396 4711 462 4826 ‘sua
475 4703 636 4798 libertate
650 4723 928 4797 defenderemus.
947 4719 1048 4810 Quod
1075 4721 1120 4796 de
1141 4721 1358 4819 plenitudine
1381 4719 1513 4794 consilii
1537 4709 1729 4794 nostrorum
1752 4745 1807 4795 as·

397 4867 590 4941 sessorum,
607 4848 767 4943 protinus
786 4831 953 4922 duximus
973 4846 1252 4943 adimplendum,
1271 4845 1475 4918 mandantes
1494 4845 1637 4940 sculteto
1660 4847 1809 4920 civitatis
