4859 6359
925 849 1176 911 DOCUMENTA
1205 850 1364 911 sotrum.
1789 852 1848 915 959

559 989 649 1059 dum,
657 986 832 1061 rescriptum
840 989 979 1045 tameuet
988 986 1188 1046 adulteratum
1199 984 1303 1059 luisse,
1315 991 1379 1045 tum
1392 1000 1431 1045 cx
1444 986 1536 1061 ipsius
1548 987 1658 1046 teucris
1666 985 1771 1060 formu,
1780 993 1845 1049 tum

561 1109 600 1153 ex
619 1093 697 1153 notis
716 1086 927 1169 chronologicis
946 1092 1114 1153 asserimus.
1128 1092 1175 1153 Ex
1185 1091 1273 1152 Verci
1289 1089 1381 1169 (Stor.
1396 1088 1467 1171 depl.
1484 1088 1600 1167 Evclio,
1618 1098 1642 1152 t.
1657 1092 1697 1167 ll,
1712 1109 1741 1169 p.
1761 1093 1842 1171 108),

557 1197 764 1285 tautummodo
777 1199 971 1273 comperimus
984 1198 1118 1258 dominos
1128 1198 1165 1257 de
1173 1198 1324 1275 Dressino,
1335 1196 1407 1257 dum
1415 1197 1612 1257 marchionem
1625 1194 1777 1259 Esteusem
1788 1199 1844 1261 slbi

558 1302 705 1363 offensum
718 1301 871 1375 habereut,
885 1303 1035 1363 celsitate
1053 1302 1186 1364 Vlcentla
1204 1304 1373 1381 secessisse,
1389 1318 1468 1367 anuo
1484 1310 1559 1363 12³6
1580 1302 1723 1381 ineunte.)

486 1488 691 1579 Federicus,
721 1487 842 1561 divina
869 1489 1007 1560 favente
1033 1488 1214 1561 clementia
1236 1490 1467 1561 Romanorum
1495 1490 1678 1585 imperator
1707 1514 1844 1590 semper

437 1622 622 1706 augustus,
655 1621 689 1683 et
715 1634 779 1682 rex
809 1612 936 1685 Sicilie.
964 1612 1152 1703 hiajestatis
1180 1612 1365 1706 imperialis
1388 1614 1589 1709 precipuum
1617 1625 1670 1687 est
1693 1618 1843 1691 officium

437 1737 558 1810 fideles
582 1758 666 1809 suos
692 1737 882 1831 privilegiis
908 1735 1071 1809 decorare
1095 1746 1130 1807 et
1153 1735 1329 1809 beneficiis
1356 1737 1491 1809 afficere
1512 1738 1839 1816 munificentissime.

437 1862 667 1948 Quamobrem
682 1882 762 1932 cum
786 1860 886 1931 uobis
907 1860 1022 1933 dilecti
1038 1871 1074 1932 et
1086 1859 1206 1933 fideles
1222 1860 1348 1951 Ugutio
1364 1870 1399 1933 et
1417 1860 1598 1935 Zuffredus
1613 1862 1658 1935 de
1677 1865 1839 1956 Trissiuo,

436 1987 597 2059 omuibus
614 1985 777 2081 periculis
793 1986 1013 2079 contemptis,
1032 1986 1157 2057 uostris
1171 1985 1292 2058 litteris
1307 1984 1507 2059 obedientes
1530 1986 1576 2059 ed
1602 2008 1666 2059 uos
1686 1990 1843 2062 venerint

436 2124 471 2183 et
486 2112 626 2206 egregia
638 2110 778 2182 servitia
793 2109 941 2182 diversis
958 2109 1170 2203 temporibus
1186 2118 1257 2182 tam
1272 2110 1416 2205 predicti
1428 2132 1531 2203 quam
1547 2112 1692 2202 maj0res
1708 2114 1762 2184 sui
1780 2136 1842 2208 pro

436 2237 614 2328 majestate
630 2235 774 2307 Romani
791 2234 925 2329 imperii
940 2233 1120 2328 preliaudo
1141 2242 1280 2305 strenue
1302 2242 1337 2305 et
1360 2233 1499 2326 egregie
1524 2234 1762 2323 exhibuerint,
1783 2258 1842 2310 eo-

436 2382 513 2430 rum
537 2359 708 2453 insignem
736 2358 956 2432 devotionem
987 2378 1071 2451 erga
1097 2357 1308 2451 imperialem
1334 2366 1485 2431 nostram
1512 2360 1724 2450 majestatem
1748 2380 1843 2433 com·

436 2503 583 2577 pensare
602 2481 775 2553 convenit.
794 2481 879 2553 Cum
899 2480 1005 2574 igitur
1025 2480 1131 2551 multa
1152 2480 1334 2574 privilegia
1355 2501 1469 2553 coram
1491 2480 1594 2552 uobis
1615 2482 1844 2576 produxerint

435 2628 505 2701 que
525 2630 546 2679 a
564 2605 866 2701 predecessoribus
892 2604 1017 2677 nostris
1032 2603 1176 2676 Romani
1191 2603 1290 2697 regui
1308 2603 1570 2699 imperatoribus
1587 2626 1747 2677 concessa
1768 2608 1842 2681 iue-

436 2739 516 2801 ruut
531 2730 638 2801 nobili
656 2729 784 2801 familie
799 2728 844 2801 de
859 2727 1011 2799 Trissiuo
1028 2750 1048 2799 a
1064 2748 1135 2819 qua
1154 2726 1321 2819 originem
1337 2749 1437 2799 suam
1452 2726 1592 2819 habent,
1615 2738 1650 2800 et
1667 2731 1845 2824 presertim

436 2866 575 2928 strenuo
591 2862 626 2927 et
650 2854 756 2926 nobili
774 2853 849 2925 riro
866 2850 1005 2923 Nicolao
1024 2850 1070 2923 de
1090 2850 1242 2923 Trissiuo
1261 2850 1320 2944 qui
1337 2848 1512 2944 quondam
1530 2848 1701 2925 Viceutiui
1723 2856 1845 2950 oppidi

436 3002 514 3053 cum
544 2979 757 3074 amplissima
781 2984 950 3073 potestate
971 2974 1192 3047 dominorum
1220 2974 1356 3046 chrici
1383 2984 1418 3047 et
1438 2974 1584 3048 Conradi
1612 2978 1844 3050 Romanorum

436 3106 680 3199 imperatorum
700 3100 982 3197 predecessorum
997 3107 1190 3171 nostrorum
1206 3098 1357 3171 vicarius
1374 3098 1451 3191 fuit,
1475 3099 1533 3172 illa
1553 3102 1669 3174 omuis
1689 3102 1734 3175 de
1753 3124 1846 3177 noro

435 3225 679 3299 confirmamus
702 3233 737 3296 et
755 3223 955 3297 auctoritate
971 3230 1086 3295 nostra
1106 3242 1328 3303 renovamus,
1350 3221 1466 3293 Castra
1481 3223 1584 3294 ctiam
1606 3225 1723 3297 omnia
1743 3226 1846 3299 vallis

435 3372 505 3446 que
538 3350 664 3423 dicitur
689 3348 735 3422 dc
756 3347 857 3441 Agilo
879 3346 1019 3419 ditionis
1034 3346 1234 3437 vicentino,
1253 3367 1321 3439 que
1347 3345 1414 3417 sub
1438 3346 1677 3439 jurisdictione
1704 3350 1844 3423 luerunt

435 3475 565 3547 streuui
580 3473 756 3567 quondam
770 3471 981 3544 Meliorantie
994 3469 1039 3543 dc
1053 3468 1216 3559 Trissino‚
1235 3470 1271 3540 in
1293 3478 1494 3565 perpetuum
1510 3471 1665 3566 predicto
1681 3474 1843 3564 Ugutioui

435 3609 470 3672 et
494 3598 656 3671 Zutiredo
684 3606 718 3671 et
740 3597 813 3670 suis
835 3594 1126 3670 descendentibus
1151 3595 1374 3668 concedimus
1395 3603 1431 3668 et
1450 3594 1636 3689 donamus,
1664 3599 1842 3693 presertim

435 3734 585 3796 castrum
610 3723 801 3794 Trissiuum
824 3744 904 3794 cum
925 3730 995 3794 totu
1020 3722 1122 3817 sylva
1144 3720 1340 3812 adjacente,
1363 3721 1636 3814 Quargneutam,
1661 3720 1842 3795 Coracium

435 3855 469 3919 et
489 3846 725 3941 Auciguauum
743 3868 814 3940 que
835 3868 856 3918 a
881 3842 1069 3939 majoribus
1091 3844 1165 3916 suis
1183 3854 1378 3917 constmcta
1395 3854 1431 3917 et
1451 3841 1611 3916 edificata
1632 3846 1740 3919 fuisse
1762 3868 1841 3919 cum

434 3971 552 4043 multis
573 3971 651 4043 aliis
673 3969 829 4062 eiusdem
851 3969 951 4041 vallis
972 3968 1017 4042 de
1037 3967 1139 4062 Agno
1165 3967 1343 4040 notissima
1370 3989 1425 4040 res
1455 3978 1525 4059 est,
1550 3968 1742 4062 obligantes
1767 3994 1843 4065 pre-

435 4094 545 4167 dictos
566 4104 601 4166 et
623 4113 839 4165 successores
854 4113 937 4163 suos
952 4091 999 4163 ad
1019 4090 1225 4168 solvendum
1242 4090 1278 4161 iu
1298 4112 1389 4162 auno
1405 4091 1559 4184 quolibet
1579 4113 1641 4187 pro
1656 4093 1760 4167 ieudo
1777 4095 1842 4167 im·

434 4215 553 4311 periali
578 4236 712 4290 camere
731 4222 846 4286 uostre
868 4234 1000 4285 marcas
1022 4213 1160 4305 viginti.
1188 4212 1408 4284 Declaramus
1425 4212 1528 4284 etiam
1557 4212 1728 4307 predictos
1748 4216 1842 4311 Ugu-

433 4339 561 4412 tiouem
577 4346 612 4410 et
624 4337 820 4410 Zutiredum
835 4359 915 4410 cum
931 4336 1004 4408 suis
1017 4335 1306 4408 descendentibus
1318 4336 1458 4409 comites
1473 4345 1507 4408 et
1518 4346 1654 4408 scutum
1667 4358 1841 4413 armorum

433 4463 561 4536 familie
577 4485 641 4536 sue
662 4462 778 4557 aquila
798 4460 964 4556 imperiali
988 4468 1148 4532 omatum
1167 4479 1245 4531 esse
1270 4459 1449 4561 volumus;
1474 4458 1713 4533 authoritatem
1737 4462 1841 4535 etiam

433 4586 501 4659 illis
521 4587 749 4660 concedentes
766 4585 917 4658 notarios
931 4583 1072 4657 creandi
1090 4592 1125 4656 et
1140 4582 1337 4675 illegitimos
1352 4582 1398 4657 ad
1415 4602 1534 4655 omues
1552 4592 1587 4655 et
1603 4606 1841 4681 quascumque

435 4709 620 4804 dignitates
638 4709 855 4789 habilitaudi.
875 4710 1019 4804 Insuper
1036 4706 1172 4779 fidelem
1189 4706 1383 4803 predictum
1402 4706 1606 4800 Ugutiouem
1631 4708 1676 4781 de
1692 4710 1841 4785 Trissiuo

435 4834 652 4929 capitaneum
669 4836 831 4907 volumus
853 4855 929 4907 esse
947 4833 1101 4928 equitum
1120 4831 1275 4904 omnium
1295 4830 1357 4923 qui
1378 4829 1424 4903 ad
1447 4830 1631 4925 imperialis
1654 4834 1842 4926 maiestatis

435 4968 549 5032 nostre
577 4960 768 5034 custodiam
793 4959 963 5053 designati
986 4966 1079 5029 suut.
1110 4956 1211 5029 Nulla
1233 4955 1338 5047 igitur
1366 4976 1510 5051 persona
1530 4956 1599 5029 alta
1624 4956 1681 5029 vel
1703 4958 1838 5054 infima,
