4859 6359
578 737 639 802 aet
1077 741 1291 804 salutaret
1317 741 1492 806 saeuum
1799 743 1881 822 [dn.
1898 743 1984 808 123&

581 872 713 949 tiflcum
732 874 789 946 vel
807 874 1017 971 principum,
1046 875 1220 954 oblatione
1245 877 1400 954 fidelium
1425 897 1488 950 seu
1515 875 1730 967 niiismodis
1745 879 1819 952 lieo
1841 881 1987 976 propitio

581 997 705 1094 poterit
722 995 882 1092 adipisci,
902 996 1002 1072 firma
1019 1007 1054 1072 et
1069 999 1199 1076 illibate
1214 1002 1283 1097 ipsi
1298 1007 1532 1097 permaneant.
1551 999 1592 1070 In
1607 999 1737 1093 quibus
1756 1000 1822 1074 hec
1840 1003 1988 1096 propriis

582 1120 748 1195 duximus
770 1121 1001 1218 exprimenda
1018 1124 1213 1217 vocabulis,
1231 1125 1364 1200 scilieet
1384 1124 1467 1200 villu
1480 1132 1525 1200 ¹et
1552 1122 1695 1197 ecclesia
1718 1123 1988 1199 Patamiaoensis

582 1267 662 1320 cnm
680 1245 824 1321 decimis
839 1255 873 1320 et
892 1247 1016 1322 ceum
1034 1248 1261 1343 pertinentiis,
1281 1249 1377 1324 curia
1393 1248 1439 1322 de
1456 1247 1600 1320 Keroers
1613 1255 1649 1320 et
1668 1247 1813 1320 ecclesia
1829 1269 1911 1320 cnm
1924 1247 1986 1322 de·

581 1369 679 1442 cimis
683 1423 1055 1444 ..........
1075 1370 1139 1468 (o),
1159 1373 1256 1446 curia
1275 1373 1323 1446 de
1341 1372 1482 1445 Pniiaoo
1500 1369 1552 1467 (t)
1574 1391 1657 1444 cum
1681 1371 1895 1466 pertinentiis
1915 1372 1987 1444 suis

580 1503 614 1567 et
637 1494 781 1568 ecclesia
808 1516 887 1566 cnm
915 1493 1078 1586 decimis,
1109 1496 1191 1568 villa
1215 1495 1262 1569 de
1284 1496 1413 1568 Baianis
1436 1493 1487 1591 (2)
1511 1515 1592 1567 cum
1616 1494 1832 1588 pertinentiis
1857 1495 1987 1568 suiset

580 1619 725 1692 ecclesia
742 1640 822 1691 cum
838 1618 994 1711 decimis,
1009 1619 1154 1694 ecclesia
1167 1617 1213 1692 de
1227 1620 1318 1694 Urba
1335 1621 1386 1716 (3)
1401 1641 1481 1692 curn
1499 1618 1644 1692 decimis
1658 1616 1706 1690 ad
1720 1639 1797 1692 eam
1814 1618 1986 1714 pertinen·

581 1741 687 1832 tibus,
711 1743 808 1814 curia
830 1739 875 1814 de
891 1741 1079 1816 Privissino
1092 1743 1137 1840 (ὁ)
1162 1765 1243 1816 cnm
1268 1743 1478 1840 appenditiis
1498 1741 1591 1832 suis,
1611 1741 1696 1814 viiia
1718 1749 1754 1814 et
1775 1741 1920 1814 ecclesia
1942 1740 1987 1814 de

581 1861 739 1940 Ornacho
764 1863 815 1960 (t)
839 1887 918 1940 oum
942 1867 1158 1962 pertinentiis
1180 1869 1267 1942 suis.
1293 1868 1354 1940 iiia
1374 1868 1478 1940 edam
1501 1887 1572 1960 qne
1595 1864 1802 1940 uenerabilis
1821 1864 1896 1938 dux
1920 1867 1987 1938 Ro·

581 1989 699 2062 dulins
723 1999 992 2086 sepememorate
1020 1991 1166 2066 ecclesie
1188 1993 1225 2064 in
1249 1992 1418 2066 territorio
1434 1990 1566 2066 Aisatie
1588 1991 1733 2064 contulit
1754 1989 1851 2084 regia
1868 1998 1987 2062 aucto

580 2113 680 2186 ritate
693 2111 913 2187 corroborare
929 2114 1160 2206 decrevimus,
1176 2114 1307 2188 curiam
1324 2113 1816 2188 videlicetCoinmbariensem
1828 2131 1987 2184 unacum

579 2235 737 2323 edificiis,
763 2236 961 2332 mancipiis,
983 2238 1085 2312 terris
1107 2239 1209 2310 cultis
1226 2247 1263 2312 et
1276 2237 1416 2312 incultis
1433 2247 1470 2310 et
1483 2259 1606 2312 earum
1622 2234 1837 2324 redditibus,
1855 2235 1986 2308 curiam

581 2360 626 2433 de
648 2359 846 2432 Hittinheim
865 2381 945 2432 cum
964 2361 1176 2455 pertinentiis
1193 2363 1285 2453 suis,
1305 2373 1413 2436 terras
1427 2371 1464 2434 et
1477 2361 1600 2434 vineas
1615 2382 1705 2456 quas
1720 2359 1902 2432 anelinns
1915 2358 1986 2432 vii-

579 2485 668 2556 iicns
693 2494 729 2558 et
758 2507 885 2560 uxores
914 2486 988 2577 ejus
1013 2488 1163 2582 flymena
1194 2501 1231 2560 et
1256 2487 1405 2562 Riohera
1438 2486 1621 2560 dederunt.
1648 2487 1693 2558 Et
1718 2493 1759 2556 nt
1781 2483 1846 2556 bec
1871 2483 1988 2556 omnia

577 2617 694 2682 eterna
716 2609 792 2702 lege
815 2609 964 2684 valitura
987 2609 1160 2707 sepedicta
1187 2612 1332 2686 ecclesie
1357 2612 1478 2706 ibique
1502 2613 1575 2685 Deo
1603 2607 1833 2683 servientibus
1854 2617 1929 2678 rata
1952 2617 1988 2679 et

577 2733 781 2806 inconcussa
810 2743 1051 2829 permaneant,
1083 2744 1278 2830 presentem
1306 2735 1469 2831 paginam
1491 2733 1694 2809 securitate
1720 2740 1838 2805 nosua
1864 2727 1987 2802 oonfir·

553 2905 557 2914 ·
577 2864 704 2930 meam
719 2856 822 2948 sigilli
841 2859 949 2932 nostri
971 2859 1197 2956 impressione
1215 2859 1374 2951 insigniri
1390 2859 1576 2953 jussimus,
1604 2857 1807 2952 adjicientes
1831 2862 1873 2927 nt
1894 2852 1988 2926 nulla

576 3001 680 3076 parra
711 3001 883 3074 magnave
917 3003 1062 3078 persona
1088 2993 1216 3058 temere
1245 2992 1364 3058 eontra
1387 3005 1464 3058 eam
1501 2983 1623 3058 venire
1655 2988 1843 3078 presumat.
1885 2975 1989 3063 Quod

577 3105 607 3180 si
628 3105 705 3202 quis
727 3127 804 3180 eam
826 3107 1008 3182 temerario
1024 3129 1113 3182 ausu
1130 3107 1275 3202 aggredi
1292 3107 1533 3203 temptaverit,
1554 3105 1650 3200 regio
1671 3105 1788 3178 banno
1812 3102 1989 3194 subjaceat

578 3239 614 3305 et
644 3233 681 3304 in
709 3232 784 3323 ejus
818 3231 1065 3326 compositione
1094 3241 1239 3306 centnm.
1255 3232 1375 3305 libras·
1392 3231 1468 3306 auri
1499 3251 1637 3304 camme
1658 3237 1774 3302 nosue
1799 3226 1985 3322 persolvat.

581 3357 696 3430 Testes
723 3355 953 3430 interfuerunt
977 3377 1125 3450 quorum
1149 3357 1291 3430 nomina
1320 3357 1556 3430 subternotata
1577 3360 1793 3428 cernuntur:
1815 3346 1988 3422 Amotdns

583 3479 792 3554 Coloniensis
834 3479 1133 3575 archiepiscopus,
1165 3481 1375 3554 flambertus
1405 3478 1657 3552 Bisontinensis
1686 3473 1986 3569 archiepiscopus,

582 3601 758 3676 Amedens
781 3605 1033 3678 lausannensis
1057 3604 1258 3700 episeopus,
1285 3605 1438 3678 Ortlibus
1462 3601 1661 3676 Basiliensis
1681 3599 1882 3696 episcopus,
1907 3595 1990 3668 Her·

583 3749 732 3802 mannus
754 3727 1024 3804 constantiensis
1046 3729 1251 3825 episcopus,
1278 3729 1448 3804 Hendcus
1473 3727 1553 3802 dux
1579 3725 1749 3811 monia,
1773 3723 1991 3794 Hermannns

584 3853 736 3930 marchio
760 3853 806 3928 de
834 3853 1006 3946 Saxonia,
1038 3851 1212 3928 Amedens
1236 3875 1352 3928 comes
1378 3851 1631 3942 Gebennensis,
1655 3848 1854 3922 Witiermus
1876 3861 1992 3916 comes

627 4027 669 4108 (o)
689 4027 862 4091 Gniohcnon
874 4029 924 4090 hic
938 4029 1021 4092 addit
1035 4027 1264 4110 wtduporocltic
1276 4035 1305 4092 ct
1316 4029 1415 4092 totuis
1426 4023 1615 4110 appediciis,
1630 4037 1707 4104 qnae
1716 4025 1749 4084 tn
1759 4017 1928 4100 apographo
1937 4017 1990 4078 de·

584 4135 760 4197 siderentur.

627 4239 668 4320 (u)
690 4241 749 4320 ap.
765 4239 1107 4304 aemmorrousae
1122 4239 1208 4320 (unm
1223 4237 1402 4319 rosor).

623 4507 659 4582 (t)
678 4506 780 4565 Forsan
789 4505 878 4579 Puiiy,
889 4505 965 4563 vicus
973 4505 1080 4562 dimidie
1091 4504 1158 4562 hora
1169 4505 1271 4562 distans
1279 4503 1315 4562 ab
1325 4503 1392 4561 urbe
1404 4504 1553 4560 humana.
1561 4499 1660 4558 Extant
1670 4493 1840 4572 moqueduo
1849 4489 1911 4562 rici,
1920 4501 1990 4546 uuus

586 4605 676 4664 Policz
688 4604 711 4662 ic
724 4605 832 4674 urard,
847 4604 913 4662 altar
926 4605 1012 4662 Petico
1027 4604 1048 4660 ie
1056 4605 1135 4673 Petit,
1147 4604 1174 4661 in
1186 4603 1354 4678 praetectum
1363 4601 1537 4662 EschdIensi.

621 4702 658 4775 (2)
677 4702 756 4758 Boim
769 4701 797 4758 in
808 4701 975 4776 praefectura
987 4699 1127 4776 Laupensi.

620 4799 658 4874 (3)
676 4799 760 4859 Hodie
770 4797 850 4858 Orbe.

620 4897 658 4972 (t)
676 4898 777 4957 Forsan
788 4897 873 4972 Ome.
887 4901 894 4918 ’
