4859 6359
634 743 694 804 746
1131 749 1343 808 tttttttttttct
1364 747 1536 809 SECUNDl
1854 749 1933 828 [Ana.
1952 753 2037 814 12³⁵.

635 877 771 950 servilis
780 879 989 954 conditionis
997 880 1155 954 homines
1167 882 1324 954 incensis
1338 905 1409 955 uon
1423 883 1652 978 superiorum,
1673 883 1736 956 sed
1748 906 1891 957 suorum
1904 887 2038 980 parium

592 996 595 1001 ’
631 1000 866 1075 admittantur.

683 1125 720 1198 Si
739 1147 822 1199 vero
838 1135 933 1221 pater
949 1135 1057 1216 etate,
1077 1127 1293 1219 infirmitate,
1315 1129 1515 1224 captivitate
1532 1127 1645 1202 aliave
1668 1129 1819 1224 legitima
1841 1153 1946 1206 eausa
1971 1133 2037 1204 im·

635 1246 773 1342 peditus
793 1269 893 1326 suam
910 1270 979 1324 non
1005 1252 1129 1346 poterit
1156 1252 1319 1345 injuriam
1343 1251 1520 1346 prosequi,
1554 1253 1680 1346 aliquis
1705 1256 2036 1350 consanguineorum

632 1372 741 1467 ipsius
755 1371 1041 1467 impedimentum
1054 1376 1161 1470 patris
1175 1394 1379 1472 expressum
1395 1375 1589 1468 juramento
1602 1375 1797 1469 declarans,
1818 1378 1866 1452 ud
1879 1378 2037 1455 eamdem

631 1496 798 1569 actionem
817 1495 1094 1592 prosequendam
1114 1498 1239 1572 debeat
1260 1507 1425 1593 tauquam
1439 1507 1542 1594 pater
1563 1497 1720 1591 admitti,
1745 1502 1838 1574 omui
1865 1502 1933 1574 sibi
1956 1503 2036 1594 jure

631 1637 794 1696 concesso
805 1621 900 1714 quod
913 1623 1001 1716 patri
1016 1632 1238 1718 competeret.
1256 1623 1332 1696 Hiis
1344 1622 1506 1697 omuibus
1516 1615 1725 1719 specialibus
1741 1625 1777 1696 iu
1789 1624 1954 1700 odiumet
1966 1625 2036 1700 de-

631 1745 843 1819 testationem
856 1745 1009 1818 oriminis
1035 1756 1154 1820 contra
1175 1746 1287 1820 diviui
1311 1758 1346 1820 et
1367 1745 1511 1820 humaui
1526 1747 1616 1840 juris
1637 1749 1828 1822 naturalem
1849 1749 2034 1844 equitatem

629 1866 770 1942 admissi
789 1869 995 1961 generaliter
1010 1879 1175 1966 perpetuo
1189 1871 1360 1944 valituris.

678 1995 740 2068 42.
767 1993 814 2064 Dc
825 1993 1129 2086 proscriptionibus.
1144 1993 1315 2068 Penarum
1332 2003 1384 2067 est
1402 2015 1464 2089 pro
1488 1995 1654 2088 qualitate
1672 1995 1868 2068 nooeutium
1893 1996 2034 2070 iuventa

628 2115 822 2188 diversitas.
838 2116 939 2189 Unde
954 2125 989 2188 et
996 2117 1205 2212 proscriptos
1219 2117 1570 2213 tanquampublicum
1582 2119 1714 2191 crimen
1728 2120 1981 2214 pmsequimur,
1992 2130 2032 2194 ut

627 2240 756 2335 quibus
771 2241 966 2313 immanitas
982 2239 1104 2334 flagitii
1117 2241 1262 2337 petriam
1281 2239 1477 2334 interdixit,
1497 2242 1648 2339 impunis
1665 2242 1769 2316 etiam
1789 2243 1955 2317 inferatur
1968 2246 2028 2318 ol-

628 2367 736 2439 isnsa.
763 2365 919 2439 Firmiter
935 2367 1041 2461 igitur
1055 2375 1092 2439 et
1114 2365 1269 2440 districte
1287 2367 1497 2464 precipimus
1517 2376 1552 2442 et
1569 2369 1752 2441 statuimus
1773 2368 2031 2464 pmsoriptiouis

626 2491 828 2564 sententiam
844 2513 865 2564 a
879 2491 1059 2583 judicibus
1072 2491 1109 2562 iu
1122 2490 1207 2562 locis
1225 2499 1356 2563 tautum
1373 2491 1522 2587 publicis
1540 2491 1850 2587 promulgandam
1868 2513 1931 2565 nec
1945 2515 2027 2588 pru·

624 2614 765 2710 scriptio
780 2616 968 2705 relaxetur,
982 2615 1049 2686 uisi
1066 2613 1249 2686 sufficienti
1258 2614 1417 2688 cautione
1431 2613 1597 2709 pmmissa
1610 2613 1708 2710 quod
1720 2616 1906 2689 satisfaciat
1918 2617 2028 2689 actori

624 2737 817 2812 secundum
829 2737 1111 2812 cousuetudinem
1128 2746 1232 2810 terre.
1248 2737 1349 2822 Quod
1362 2736 1393 2811 si
1401 2737 1516 2831 judex
1529 2759 1598 2812 nou
1624 2739 1759 2831 lecerit,
1785 2759 1849 2811 uos
1874 2739 2030 2834 requisiti

620 2861 774 2957 judicem
794 2871 834 2934 ut
849 2863 982 2955 justum
1006 2871 1060 2936 est
1083 2861 1245 2936 eumdem
1270 2861 1468 2957 puniemus.
1488 2861 1572 2934 ltem
1591 2861 1743 2936 districte
1765 2861 1973 2958 precipimus
1989 2871 2028 2935 ut

624 2988 735 3060 omnis
744 2987 857 3079 jndex
868 2995 939 3059 tam
949 2987 1109 3082 princeps
1124 3007 1230 3080 quam
1239 2985 1387 3060 interior
1403 2986 1533 3059 nemini
1547 2985 1608 3081 qui
1622 3009 1643 3060 a
1656 2987 1902 3083 pmscriptioue
1912 2986 2028 3060 absul-

624 3113 736 3205 uitur,
758 3113 890 3186 relaxet
906 3132 1029 3207 penam
1046 3131 1117 3204 que
1129 3108 1257 3183 dicitur
1274 3117 1396 3202 wette,
1415 3119 1454 3182 ut
1470 3110 1581 3202 magis
1595 3111 1699 3184 ueteri
1722 3111 1866 3184 timeant
1880 3131 1925 3183 ue
1939 3131 2028 3205 pm-

623 3235 866 3329 eoriptiouibus
883 3235 1115 3306 involvantur.

674 3359 758 3430 ltem
774 3357 957 3430 statuimus
969 3367 1010 3428 ut
1025 3357 1239 3450 quicumque
1256 3375 1319 3452 per
1336 3377 1465 3430 aunum
1479 3363 1516 3428 et
1532 3351 1626 3428 dium
1642 3356 1679 3428 in
1698 3356 1943 3452 proscriptione
1962 3357 2028 3429 im·

624 3481 789 3575 paraturis
807 3481 1009 3575 perstiterit,
1038 3481 1069 3552 si
1090 3489 1186 3553 ector
1206 3477 1254 3552 ad
1277 3481 1378 3574 cujus
1398 3479 1573 3574 querelam
1592 3479 1657 3550 fuit
1669 3481 1879 3575 proscriptos
1895 3479 1941 3553 de
1958 3480 2024 3554 lrou

625 3606 740 3700 ipsum
758 3605 909 3698 legitime
919 3604 1106 3678 convicerit
1123 3624 1237 3677 coram
1254 3603 1371 3695 nobis,
1397 3624 1459 3698 per
1475 3603 1677 3677 senteutiam
1689 3613 1839 3676 nostram
1851 3604 1984 3678 areolos
1992 3615 2029 3676 et

623 3728 749 3802 rslrtlos
758 3727 1016 3824 pronunciatur.

671 3853 758 3924 ltem
775 3853 988 3946 quicumque
1005 3853 1190 3947 impetatur
1205 3851 1251 3922 ab
1268 3849 1335 3923 alio
1354 3859 1556 3946 prouocatus
1571 3849 1618 3923 ad
1636 3847 1789 3924 du'ellum
1806 3870 1868 3944 pro
1884 3849 2027 3922 crimine

623 3975 897 4068 lesemejestatis,
909 3985 1073 4069 tanquam
1083 3971 2023 4068 consitiorotauxiliomnuonosautimperiumaliquid

623 4100 877 4194 attemptaverit
887 4101 1084 4187 factiosum,
1104 4099 1135 4171 si
1145 4099 1307 4192 legitimis
1315 4098 1383 4170 sibi
1396 4096 1546 4171 induciis
1557 4096 1698 4193 prolixis
1711 4117 1780 4168 uon
1795 4096 2024 4190 comparuerit

621 4247 720 4298 suam
737 4224 966 4297 innocentiam
981 4232 1202 4319 purgaturus,
1226 4223 1500 4318 perseutentiam
1514 4232 1665 4294 nostram
1689 4222 1823 4294 sreulos
1845 4229 1881 4293 et
1894 4219 2023 4292 rehtlos

616 4349 805 4443 iudicetur.
822 4348 921 4447 [ltem
939 4371 1003 4445 pro
1013 4347 1156 4444 perfidia
1173 4349 1230 4421 rel
1247 4347 1433 4421 homicidio
1445 4345 1543 4442 quod
1558 4344 1684 4418 dicitur
1701 4341 1819 4442 mort]

669 4475 729 4547 te.
757 4473 1023 4567 Dcprorcriptic.
1040 4471 1251 4567 Pracipimus
1264 4469 1450 4543 etllrmiter
1463 4471 1658 4543 iuhibemus
1671 4469 1804 4563 nequis
1817 4467 2024 4564 proscriptos

618 4619 725 4671 mauu
743 4607 858 4670 teneat
874 4597 932 4670 vel
946 4600 1094 4670 scienter
1110 4596 1259 4691 hospitio
1276 4595 1429 4690 recipiat.
1449 4593 1593 4680 Quodsi
1609 4593 1775 4667 teceritet
1792 4591 1837 4666 de
1852 4593 1919 4665 hoo
1932 4591 2022 4684 legi·

619 4723 701 4795 time
716 4724 895 4794 convictus
908 4721 1027 4813 tuerit,
1050 4730 1212 4814 tanquam
1232 4719 1439 4816 proscriptus
1450 4721 1632 4814 puniatur,
1656 4717 1723 4790 nisi
1745 4716 1890 4811 septima
1916 4737 2021 4788 mauu

618 4844 840 4942 synodalium
866 4845 1046 4918 homiuum
1062 4845 1187 4937 integri
1215 4853 1324 4920 status
1345 4843 1570 4938 ignorantiam
1595 4861 1695 4916 suem
1718 4839 1830 4936 primo
1857 4837 2019 4933 declaret,
