4859 6359
391 726 488 788 lanum.
502 726 548 803 9.]
837 725 1036 788 HISTORIA
1060 727 1352 790 lllPLOllr'l'llCll.
1741 729 1800 792 'ld'l

390 861 482 934 curie
510 870 627 934 nostre
642 858 695 958 (l)
713 859 750 932 in
775 859 911 955 judicio
935 861 981 934 sit
1006 873 1213 956 conquestus
1233 863 1331 958 quod
1355 862 1507 960 quedam
1534 863 1627 936 bona
1652 864 1796 940 ecclesie

390 1007 449 1058 sue
465 1005 526 1080 por
544 983 701 1057 homines
719 1005 802 1058 suos
819 983 968 1058 alienata
984 985 1055 1056 sint
1074 985 1192 1059 illicite
1214 987 1250 1059 iu
1270 1011 1374 1061 suum
1389 997 1424 1062 et
1440 987 1585 1062 ecclesie
1601 1009 1664 1061 sue
1678 991 1797 1083 prejn·

390 1107 517 1180 dicium
539 1119 575 1182 et
590 1129 796 1204 gravamen,
814 1107 851 1182 in
873 1107 996 1182 eadem
1019 1110 1116 1183 ouria
1140 1119 1256 1185 nostra
1272 1111 1518 1186 sententialiter
1536 1111 1687 1184 obtinuit
1704 1112 1797 1187 bona

389 1233 493 1328 ipsius
509 1232 653 1308 ecclesie
667 1232 811 1306 alienari
825 1253 888 1328 per
912 1233 1050 1328 sliquos
1072 1255 1141 1307 non
1164 1233 1305 1327 debers,
1322 1236 1413 1310 sicut
1430 1233 1477 1310 da
1488 1235 1569 1327 iure
1584 1256 1654 1309 nou
1678 1256 1792 1331 pense,

389 1359 455 1432 imo
476 1359 505 1430 si
516 1378 588 1453 qua
605 1358 754 1432 alienata
767 1357 884 1432 illicite
903 1358 1043 1432 inventa
1060 1359 1200 1448 luerint,
1216 1359 1365 1433 debeant
1379 1360 1548 1434 revocari.
1568 1359 1696 1432 Verum
1711 1359 1796 1454 quia

390 1483 470 1559 nibil
494 1481 676 1580 prodesset
700 1482 782 1554 lerri
804 1483 991 1556 sententias
1011 1481 1079 1554 nisi
1102 1503 1222 1556 aarum
1249 1483 1441 1578 exequutio
1464 1493 1681 1576 sequeretur,
1706 1480 1794 1556 lide·

390 1608 470 1680 litnti
490 1617 605 1680 vestre
633 1606 856 1702 precipiendo
881 1606 1087 1681 mandamus
1108 1617 1281 1702 quatenus
1309 1608 1426 1682 nullus
1444 1609 1489 1680 sit
1513 1609 1574 1703 qui
1592 1616 1713 1680 contra
1740 1617 1791 1682 te·

391 1753 502 1806 norem
533 1730 691 1824 eiusdem
713 1729 882 1805 sententie
905 1729 998 1804 bona
1031 1730 1141 1825 ipsius
1164 1732 1309 1806 ecclesie
1335 1733 1484 1806 alienare
1510 1742 1697 1826 presumat.
1725 1731 1795 1804 Sed

391 1857 415 1928 si
432 1877 502 1952 qua
516 1855 634 1928 illicite
654 1855 803 1930 alienata
817 1855 958 1929 inventa
976 1855 1115 1946 luerint,
1138 1854 1348 1930 debeantad
1361 1857 1421 1948 jus
1440 1855 1550 1950 ipsius
1571 1855 1716 1928 ecclesie
1738 1877 1794 1928 re·

391 1981 513 2054 vocari.
534 1977 590 2052 Ad
604 1981 706 2072 cujus
723 1979 774 2052 rei
794 1980 992 2054 memoriam
1009 1987 1044 2054 et
1063 1979 1221 2054 stabilem
1242 1979 1450 2069 firmitatem
1474 1999 1614 2074 presens
1626 1979 1794 2073 scriptum

392 2105 459 2180 beri
475 2091 620 2178 lecimus
635 2112 670 2178 et
686 2104 799 2198 sigillo
815 2113 932 2178 nostro
945 2103 1086 2176 muniri.

432 2231 556 2302 Datum
578 2227 673 2323 apud
692 2229 930 2324 lingonum,
955 2248 1048 2300 auno
1062 2225 1235 2301 dominice
1250 2227 1494 2301 incarnationis
1516 2228 1565 2300 bl.
1576 2226 1639 2300 CC.
1650 2227 1789 2316 XXXV,

392 2374 502 2426 mense
520 2352 741 2448 septembris,
760 2371 854 2424 nona
872 2349 1072 2424 indictione.

436 2921 665 3028 Fridericus‚
687 2924 948 3012 Romanorum
966 2928 1184 3040 imperator,
1204 2927 1360 3012 innovet
1385 2938 1423 3012 et
1450 2925 1651 3011 confirmat
1667 2925 1792 3037 privi-
1840 3017 1864 3048 ..
1927 2959 1967 3006 ιι.

392 3053 527 3168 legium
552 3057 602 3142 ab
629 3059 790 3144 Henrioo
812 3071 918 3146 sexto
938 3071 1046 3174 patre
1069 3088 1139 3145 suo
1157 3086 1260 3146 anuo
1280 3063 1399 3168 1195,
1418 3071 1550 3144 octavo
1568 3061 1716 3144 decimo
1732 3061 1794 3144 die

391 3188 561 3298 octobris,
581 3190 793 3300 indultum,
814 3219 893 3304 quo
910 3191 1104 3278 abbatiam
1120 3195 1169 3277 de
1187 3192 1395 3304 Altenberg
1409 3193 1460 3276 ab
1477 3194 1583 3276 omui
1600 3193 1791 3302 theloneo,

390 3330 462 3404 tam
479 3322 520 3404 in
538 3331 639 3408 terre
655 3351 774 3436 quam
792 3325 972 3437 ineque,
992 3335 1173 3437 perpetuo
1190 3326 1353 3410 liberem
1369 3327 1577 3412 constituit.

462 3535 579 3618 (lldldlt
596 3539 790 3620 henum,
807 3537 1058 3620 llrluadcnb.fitr
1069 3539 1116 3602 dic
1129 3539 1226 3604 Gcrclr.
1240 3539 1289 3602 dat
1300 3537 1467 3612 Nollent..
1482 3558 1539 3602 rw.
1553 3541 1647 3615 Bnnd,
1668 3558 1700 3618 p.
1721 3549 1793 3615 1⁰⁵,

500 3653 534 3705 n⁰
548 3653 617 3721 2⁰0,
629 3653 658 3708 et
669 3653 738 3709 erst.
757 3647 857 3722 Bnnd,
872 3665 903 3726 p.
917 3657 987 3723 880,
1001 3657 1034 3708 n⁰
1048 3645 1134 3726 546.)

430 3829 642 3925 Fridericus,
660 3833 722 3908 Dei
739 3835 848 3928 gratia
862 3835 1091 3908 Romanorum
1109 3836 1292 3930 imperator
1306 3854 1443 3931 semper
1457 3841 1639 3926 augustus,
1656 3833 1791 3906 Jerusa-

385 3951 448 4024 lem
463 3963 499 4027 et
515 3956 630 4030 Sicilie
645 3979 721 4030 rex.
738 3957 803 4032 Per
818 3979 959 4054 presens
975 3959 1141 4054 scriptum
1159 3967 1279 4031 notum
1297 3958 1443 4032 facimus
1464 3957 1635 4030 universis
1655 3957 1790 4052 imperii

385 4075 542 4152 fidelibus
559 4090 628 4154 tam
643 4082 861 4177 presentibus
877 4105 981 4178 quam
1003 4083 1128 4155 futuris
1153 4082 1251 4176 quod
1279 4135 1289 4154 .
1322 4137 1331 4153 .
1361 4135 1371 4152 .
1398 4081 1608 4154 venerabilis
1623 4081 1731 4154 abbas
1745 4081 1791 4154 de

384 4202 495 4276 llonte
514 4204 628 4278 Veteri
648 4204 761 4280 fidelis
782 4215 897 4280 noster
918 4206 1112 4281 celsitudini
1138 4216 1254 4279 nostre
1274 4203 1451 4301 quoddam
1477 4204 1642 4299 scripturn
1666 4205 1748 4277 olim
1769 4226 1792 4277 a

383 4326 521 4401 domino
547 4329 751 4424 imperatore
778 4331 925 4404 ilenrico
946 4332 1056 4404 felicis
1073 4331 1320 4405 recordatiouis
1335 4330 1533 4402 karrissimo
1561 4338 1657 4422 patre
1674 4338 1789 4400 nostro

382 4451 523 4527 ecclesie
539 4476 602 4528 sue
624 4455 796 4528 indultum
809 4457 1036 4552 presentavit,
1056 4456 1257 4552 supplicans
1271 4454 1493 4528 humiliteret
1507 4452 1632 4526 devote
1646 4449 1791 4524 utillud

387 4635 512 4650 μὴ..

418 4735 454 4811 (t)
471 4736 577 4796 Scilicet
587 4737 713 4798 ilbertus
723 4739 758 4797 ds
770 4739 938 4810 neserach,
951 4739 985 4796 de
999 4753 1053 4813 quo
1063 4737 1142 4795 inira.
1155 4737 1195 4794 Ex
1207 4735 1397 4796 constitutione
1408 4735 1666 4808 Maguutinamunus
1672 4734 1792 4809 justitia-

383 4834 415 4891 rii
428 4849 475 4909 per
486 4835 682 4894 Allemanninm
695 4837 800 4895 noviter
813 4841 953 4908 statuatur,
967 4836 1039 4896 buno
1050 4834 1190 4896 Albertum
1201 4835 1301 4894 obiisse
1314 4833 1483 4892 arbitramur.
