4859 6359
458 3658 506 3768 Εἴ]
558 3687 588 3760 .’

638 784 700 847 612
1164 786 1336 847 annale!
1360 786 1530 848 ssrutttt
1862 784 1943 863 [aar.
1960 784 2049 849 1283.

640 920 726 993 tiam
743 918 985 993 universorum
1001 918 1096 1014 quod
1117 940 1181 993 uos
1202 920 1249 993 ad
1266 920 1464 995 instantiam
1477 928 1514 992 et
1528 916 1732 1016 petitionem
1749 915 1866 991 dilecb
1885 906 2058 1014 principis

641 1043 748 1117 nostri
773 1042 924 1117 Cunradi
946 1042 1117 1139 Spirensis
1141 1044 1312 1142 episcopi,
1338 1044 1501 1121 fidelibus
1522 1044 1660 1118 civibus
1680 1041 1807 1117 nostris
1831 1041 2053 1140 Spirensibus

639 1188 775 1240 necnon
792 1176 931 1263 propter
952 1165 1079 1242 devota
1096 1168 1263 1263 obsequia
1278 1169 1483 1245 eorumdem
1501 1191 1572 1264 que
1591 1167 1693 1241 nobis
1718 1176 1754 1241 et
1777 1167 1923 1263 imperio
1935 1167 2052 1263 sepius

639 1289 874 1364 exhibuemnt
898 1299 934 1363 et
961 1290 1131 1365 exhibent
1156 1293 1384 1387 incessanter,
1413 1293 1517 1367 talem
1542 1291 1689 1383 gratiam
1715 1291 1860 1365 lecimus
1886 1290 1934 1365 de
1957 1312 2053 1365 mera

637 1414 850 1509 benignitate
872 1416 968 1509 regia
989 1425 1028 1487 ut
1045 1416 1178 1513 absque
1203 1418 1360 1513 qualibet
1384 1418 1567 1493 exactione
1591 1417 1718 1489 telonei
1740 1438 1820 1489 cum
1846 1416 1949 1489 bonis
1977 1416 2051 1489 suis

637 1538 733 1634 apud
760 1539 976 1636 Oppenheim
1001 1550 1176 1615 transeant
1204 1542 1241 1615 in
1266 1543 1437 1617 descensu
1467 1553 1503 1617 et
1532 1562 1679 1615 escensu
1713 1541 1821 1614 libere
1851 1549 1886 1615 et
1918 1541 2045 1635 quiete

637 1663 853 1761 Quapropter
869 1664 1070 1739 auctoritate
1088 1667 1183 1761 regia
1205 1676 1240 1739 et
1259 1668 1326 1741 sub
1351 1668 1495 1742 obtentu
1519 1666 1634 1762 gracie
1657 1673 1773 1738 nostre
1797 1663 1951 1738 districte
1970 1686 2048 1760 pre·

637 1788 785 1885 cipimus
799 1788 964 1883 quatinus
981 1790 1098 1862 nullus
1115 1812 1203 1865 ausu
1223 1791 1350 1866 ductus
1370 1792 1551 1865 temerario
1572 1788 1667 1885 apud
1688 1790 1803 1863 locum
1825 1797 2050 1863 memoratum

636 1934 658 1985 a
687 1912 789 1985 bonis
813 1912 944 1985 civium
969 1914 1215 2009 prelibatorum
1242 1917 1458 1989 exactionem
1490 1914 1640 1989 thelonei
1661 1914 1838 2007 requirere
1860 1921 2047 2012 presumat.

638 2035 741 2121 Quod
760 2036 821 2131 qui
850 2038 1105 2133 attemptaverit
1129 2060 1272 2133 gravem
1296 2040 1461 2115 offensam
1483 2047 1599 2113 nostre
1620 2036 1834 2111 celsitudinis
1855 2058 1893 2111 se
1916 2036 2052 2111 noverit

638 2160 833 2235 incurrisse.
863 2158 919 2234 Ad
941 2162 1107 2255 majorem
1129 2162 1248 2257 itaque
1275 2164 1486 2267 evidentiam
1509 2162 1676 2259 premisse
1699 2171 1815 2235 nostre
1840 2159 2048 2250 donationis,

638 2284 800 2380 sepsistis
820 2284 946 2359 nostris
974 2286 1112 2359 civibus
1138 2296 1334 2382 presentem
1360 2287 1543 2383 peginam,
1562 2286 1675 2381 sigillo
1695 2294 1812 2358 noers
1835 2284 2051 2359 celsitudinis

638 2408 897 2501 communitam,
910 2410 1079 2503 jussimus
1094 2409 1265 2484 exhiberi.

686 2534 804 2609 Testes
821 2536 882 2631 qui
904 2536 1132 2609 interfuerunt
1153 2536 1203 2609 bii
1220 2544 1303 2609 suut
1324 2562 1333 2607 :
1352 2536 1396 2608 Η.
1416 2536 1571 2611 marchio
1588 2536 1634 2611 de
1650 2534 1787 2627 moen,
1805 2554 1920 2607 comes
1940 2534 1985 2607 Η.
2005 2532 2052 2608 de

637 2656 868 2753 Wirtiubere,
895 2658 938 2733 Η.
955 2660 1108 2733 Niiarius
1121 2659 1192 2757 (a),
1209 2660 1248 2734 C.
1269 2660 1339 2757 (tt.)
1348 2661 1485 2756 dapifer
1503 2659 1549 2734 de
1565 2660 1747 2758 Walpurc,
1770 2657 1808 2731 C.
1825 2656 1993 2753 pincerna
2006 2654 2052 2731 de

637 2781 871 2877 Winterstete,
888 2784 932 2856 Η.
949 2784 996 2859 de
1018 2786 1255 2881 Ruveuspurc,
1273 2773 1448 2860 Foneberc
1465 2784 1526 2882 (b),
1544 2794 1580 2858 et
1592 2786 1651 2859 alii
1667 2784 1903 2881 quamplures.

686 2907 812 2980 Datum
844 2907 940 3004 apud
974 2908 1164 3003 Ebelingen
1191 2908 1437 3006 (libellum),
1470 2930 1562 2982 anno
1597 2909 1771 2983 dominice
1809 2905 2053 2982 iucarnationis

637 3030 758 3105 ulcu
766 3032 877 3105 XXX⁰
899 3033 1023 3129 tercio,
1042 3042 1167 3131 quarto
1184 3056 1295 3109 nonas
1308 3033 1418 3127 junii,
1438 3032 1626 3109 indictione
1643 3042 1750 3107 sexta.

1622 3314 1821 3329 m

694 3604 899 3714 HenricuS,
919 3604 1180 3691 Romanorum
1199 3630 1287 3712 rex,
1307 3604 1551 3688 donationem
1569 3626 1679 3685 areae
1696 3610 1734 3685 et
1750 3598 1953 3711 cujusdam
1968 3595 2051 3680 uiue

641 3738 870 3850 adjecentiS,
898 3736 1081 3821 fratribus
1098 3735 1425 3821 Praedicatoribus
1452 3733 1649 3820 coitibus
1675 3733 1757 3817 suis
1782 3733 1823 3815 in
1849 3729 2051 3841 Emlingen

640 3873 803 3982 lectam,
822 3883 947 3957 ratam
964 3872 1080 3957 hebet
1097 3882 1135 3957 el
1151 3872 1366 3957 confirmet.

716 4090 883 4171 (Inedltum
895 4107 936 4153 ex
947 4090 1082 4170 orlglnall
1094 4092 1127 4152 ln
1140 4089 1260 4153 archivo
1271 4090 1430 4170 Stuttgmt.
1444 4086 1622 4168 mmrvuto.)

689 4280 754 4374 lt,
779 4270 843 4353 Dei
865 4278 975 4374 gratia
1002 4277 1236 4352 Romanorum
1259 4299 1325 4351 rex
1351 4286 1388 4351 et
1409 4298 1545 4374 semper
1566 4278 1758 4370 augustus,
1786 4268 1960 4344 universis
1984 4267 2053 4341 boc

641 4406 807 4501 scriptum
830 4403 1037 4500 inspecturis
1060 4403 1206 4498 gratiam
1230 4410 1387 4477 suamet
1408 4422 1511 4476 omne
1533 4394 1917 4475 bonum.Universitati
1940 4400 2054 4467 vestre

642 4540 763 4605 notum
788 4530 935 4604 iacimus
952 4527 1049 4623 quod
1072 4527 1294 4603 donationem
1319 4550 1400 4603 aree
1416 4538 1451 4601 et
1479 4524 1663 4620 cujusdam
1685 4523 1744 4595 vie
1765 4516 1955 4615 adjacentis
1976 4518 2054 4591 ira-

685 4700 728 4783 (a)
748 4672 911 4765 emere
924 4698 1038 4782 upa,
1053 4700 1109 4764 suu
1122 4699 1218 4763 forma
1226 4706 1300 4763 tune
1311 4702 1453 4779 emporis
1466 4698 1649 4777 manuus
1659 4698 1810 4773 mma

686 4807 727 4889 (b)
749 4808 955 4873 vertnmllltar
966 4809 1045 4871 idem
1058 4810 1110 4887 qul
1124 4812 1346 4887 supraroeetur
1354 4802 1524 4888 Redolebat
1534 4802 1571 4866 ds
1582 4800 1766 4868 metm
1775 4806 1807 4863 ct
1818 4792 2050 4875 tllntFfflWll·

641 4917 828 4995 tropeos
845 4921 877 4977 et
889 4924 959 4979 ott.
