<?xml version="1.0" encoding="UTF-8"?>
<!DOCTYPE html PUBLIC "-//W3C//DTD XHTML 1.0 Transitional//EN"
    "http://www.w3.org/TR/xhtml1/DTD/xhtml1-transitional.dtd">
<html xmlns="http://www.w3.org/1999/xhtml" xml:lang="en" lang="en">
 <head>
  <title>
</title>
<meta http-equiv="Content-Type" content="text/html;charset=utf-8" />
  <meta name='ocr-system' content='tesseract 3.04.00' />
  <meta name='ocr-capabilities' content='ocr_page ocr_carea ocr_par ocr_line ocrx_word'/>
</head>
<body>
  <div class='ocr_page' id='page_1' title='image "./historiadiploma05fredgoog_0028.png"; bbox 0 0 4859 6359; ppageno 0'>
   <div class='ocr_carea' id='block_1_1' title="bbox 610 728 2019 809">
    <p class='ocr_par' dir='ltr' id='par_1_1' title="bbox 610 728 2019 809">
     <span class='ocr_line' id='line_1_1' title="bbox 610 728 2019 809; baseline 0.001 -20"><span class='ocrx_word' id='word_1_1' title='bbox 610 728 674 789; x_wconf 74' lang='lat'><strong>570</strong></span> <span class='ocrx_word' id='word_1_2' title='bbox 1134 729 1306 791; x_wconf 80' lang='lat' dir='ltr'><strong>flnNutct</strong></span> <span class='ocrx_word' id='word_1_3' title='bbox 1330 730 1501 792; x_wconf 77' lang='lat' dir='ltr'><strong>sueuttn</strong></span> <span class='ocrx_word' id='word_1_4' title='bbox 1832 731 1912 809; x_wconf 66' lang='lat' dir='ltr'><strong>[lium.</strong></span> <span class='ocrx_word' id='word_1_5' title='bbox 1930 732 2019 793; x_wconf 69' lang='lat'>1282.</span> 
     </span>
    </p>
   </div>
   <div class='ocr_carea' id='block_1_2' title="bbox 609 860 2022 2825">
    <p class='ocr_par' dir='ltr' id='par_1_2' title="bbox 609 860 2022 2825">
     <span class='ocr_line' id='line_1_2' title="bbox 609 860 2022 957; baseline 0.002 -23"><span class='ocrx_word' id='word_1_6' title='bbox 609 860 906 957; x_wconf 85' lang='lat' dir='ltr'><strong>jurisdictionibus</strong></span> <span class='ocrx_word' id='word_1_7' title='bbox 924 882 1044 934; x_wconf 91' lang='lat' dir='ltr'><strong>eorum</strong></span> <span class='ocrx_word' id='word_1_8' title='bbox 1059 865 1117 937; x_wconf 87' lang='lat' dir='ltr'><strong>vel</strong></span> <span class='ocrx_word' id='word_1_9' title='bbox 1135 865 1236 937; x_wconf 90' lang='lat' dir='ltr'><strong>bonis</strong></span> <span class='ocrx_word' id='word_1_10' title='bbox 1251 886 1370 937; x_wconf 87' lang='lat' dir='ltr'><strong>eorum</strong></span> <span class='ocrx_word' id='word_1_11' title='bbox 1386 865 1591 939; x_wconf 88' lang='lat' dir='ltr'><strong>immeritam</strong></span> <span class='ocrx_word' id='word_1_12' title='bbox 1607 864 1735 936; x_wconf 80' lang='lat' dir='ltr'><strong>inferre</strong></span> <span class='ocrx_word' id='word_1_13' title='bbox 1752 864 1942 937; x_wconf 86' lang='lat' dir='ltr'><strong>molestiam</strong></span> <span class='ocrx_word' id='word_1_14' title='bbox 1961 874 2022 937; x_wconf 89' lang='lat' dir='ltr'><strong>ant</strong></span> 
     </span>
     <span class='ocr_line' id='line_1_3' title="bbox 612 986 2021 1084; baseline 0.004 -27"><span class='ocrx_word' id='word_1_15' title='bbox 612 986 830 1079; x_wconf 84' lang='lat' dir='ltr'><strong>aliquatenus</strong></span> <span class='ocrx_word' id='word_1_16' title='bbox 847 1006 1048 1080; x_wconf 80' lang='lat' dir='ltr'><strong>presumere</strong></span> <span class='ocrx_word' id='word_1_17' title='bbox 1067 987 1191 1061; x_wconf 90' lang='lat' dir='ltr'><strong>debeat</strong></span> <span class='ocrx_word' id='word_1_18' title='bbox 1206 987 1359 1061; x_wconf 78' lang='lat' dir='ltr'>indebite</span> <span class='ocrx_word' id='word_1_19' title='bbox 1376 989 1588 1084; x_wconf 80' lang='lat' dir='ltr'><strong>perturbare.</strong></span> <span class='ocrx_word' id='word_1_20' title='bbox 1607 990 1735 1061; x_wconf 83' lang='lat' dir='ltr'><strong>Verum</strong></span> <span class='ocrx_word' id='word_1_21' title='bbox 1748 987 1960 1083; x_wconf 77' lang='lat' dir='ltr'><strong>quicumque</strong></span> <span class='ocrx_word' id='word_1_22' title='bbox 1975 986 2021 1062; x_wconf 86' lang='lat' dir='ltr'><strong>nd</strong></span> 
     </span>
     <span class='ocr_line' id='line_1_4' title="bbox 614 1106 2021 1207; baseline 0.003 -28"><span class='ocrx_word' id='word_1_23' title='bbox 614 1106 813 1201; x_wconf 86' lang='lat' dir='ltr'><strong>hujusmodi</strong></span> <span class='ocrx_word' id='word_1_24' title='bbox 831 1109 1115 1200; x_wconf 78' lang='lat' dir='ltr'><strong>gubernationem</strong></span> <span class='ocrx_word' id='word_1_25' title='bbox 1133 1120 1167 1185; x_wconf 88' lang='lat' dir='ltr'><strong>et</strong></span> <span class='ocrx_word' id='word_1_26' title='bbox 1183 1111 1478 1186; x_wconf 80' lang='lat' dir='ltr'><strong>conservationem</strong></span> <span class='ocrx_word' id='word_1_27' title='bbox 1492 1110 1690 1207; x_wconf 86' lang='lat' dir='ltr'><strong>supradicte</strong></span> <span class='ocrx_word' id='word_1_28' title='bbox 1710 1110 1879 1184; x_wconf 69' lang='lat' dir='ltr'><strong>libertatis</strong></span> <span class='ocrx_word' id='word_1_29' title='bbox 1892 1132 2021 1205; x_wconf 85' lang='lat' dir='ltr'><strong>supra-</strong></span> 
     </span>
     <span class='ocr_line' id='line_1_5' title="bbox 613 1232 2020 1328; baseline 0 -23"><span class='ocrx_word' id='word_1_30' title='bbox 613 1232 706 1305; x_wconf 88' lang='lat' dir='ltr'><strong>dicto</strong></span> <span class='ocrx_word' id='word_1_31' title='bbox 724 1234 931 1307; x_wconf 89' lang='lat' dir='ltr'><strong>monasterio</strong></span> <span class='ocrx_word' id='word_1_32' title='bbox 948 1254 1108 1307; x_wconf 86' lang='lat' dir='ltr'><strong>concesse</strong></span> <span class='ocrx_word' id='word_1_33' title='bbox 1126 1235 1257 1307; x_wconf 86' lang='lat' dir='ltr'><strong>inutilis</strong></span> <span class='ocrx_word' id='word_1_34' title='bbox 1271 1243 1333 1307; x_wconf 87' lang='lat' dir='ltr'><strong>aut</strong></span> <span class='ocrx_word' id='word_1_35' title='bbox 1349 1234 1540 1328; x_wconf 79' lang='lat' dir='ltr'><strong>flagitiosus</strong></span> <span class='ocrx_word' id='word_1_36' title='bbox 1561 1234 1733 1323; x_wconf 83' lang='lat' dir='ltr'><strong>extiterit,</strong></span> <span class='ocrx_word' id='word_1_37' title='bbox 1762 1254 1806 1307; x_wconf 89' lang='lat' dir='ltr'><strong>oo</strong></span> <span class='ocrx_word' id='word_1_38' title='bbox 1829 1233 1906 1328; x_wconf 88' lang='lat' dir='ltr'><strong>ipso</strong></span> <span class='ocrx_word' id='word_1_39' title='bbox 1927 1233 2020 1307; x_wconf 87' lang='lat' dir='ltr'><strong>idom</strong></span> 
     </span>
     <span class='ocr_line' id='line_1_6' title="bbox 610 1357 2021 1455; baseline 0.002 -26"><span class='ocrx_word' id='word_1_40' title='bbox 610 1357 720 1429; x_wconf 84' lang='lat' dir='ltr'><strong>abbas</strong></span> <span class='ocrx_word' id='word_1_41' title='bbox 735 1366 771 1430; x_wconf 89' lang='lat' dir='ltr'><strong>et</strong></span> <span class='ocrx_word' id='word_1_42' title='bbox 783 1367 972 1433; x_wconf 89' lang='lat' dir='ltr'><strong>convontus</strong></span> <span class='ocrx_word' id='word_1_43' title='bbox 982 1359 1125 1431; x_wconf 86' lang='lat' dir='ltr'><strong>liberam</strong></span> <span class='ocrx_word' id='word_1_44' title='bbox 1138 1358 1267 1433; x_wconf 90' lang='lat' dir='ltr'><strong>debent</strong></span> <span class='ocrx_word' id='word_1_45' title='bbox 1277 1360 1406 1433; x_wconf 87' lang='lat' dir='ltr'><strong>babere</strong></span> <span class='ocrx_word' id='word_1_46' title='bbox 1416 1368 1618 1455; x_wconf 83' lang='lat' dir='ltr'><strong>potestatem</strong></span> <span class='ocrx_word' id='word_1_47' title='bbox 1633 1358 1741 1431; x_wconf 84' lang='lat' dir='ltr'><strong>ulium</strong></span> <span class='ocrx_word' id='word_1_48' title='bbox 1759 1357 1806 1431; x_wconf 89' lang='lat' dir='ltr'><strong>ad</strong></span> <span class='ocrx_word' id='word_1_49' title='bbox 1820 1357 2021 1452; x_wconf 85' lang='lat' dir='ltr'><strong>hujusmodi</strong></span> 
     </span>
     <span class='ocr_line' id='line_1_7' title="bbox 610 1480 2021 1578; baseline 0.002 -26"><span class='ocrx_word' id='word_1_50' title='bbox 610 1480 837 1553; x_wconf 90' lang='lat' dir='ltr'><strong>ministerium</strong></span> <span class='ocrx_word' id='word_1_51' title='bbox 859 1481 1018 1575; x_wconf 81' lang='lat' dir='ltr'><strong>eligendi.</strong></span> <span class='ocrx_word' id='word_1_52' title='bbox 1042 1483 1168 1556; x_wconf 84' lang='lat' dir='ltr'><strong>Peoora</strong></span> <span class='ocrx_word' id='word_1_53' title='bbox 1190 1484 1294 1556; x_wconf 88' lang='lat' dir='ltr'><strong>etiam</strong></span> <span class='ocrx_word' id='word_1_54' title='bbox 1314 1505 1435 1557; x_wconf 90' lang='lat' dir='ltr'><strong>eorum</strong></span> <span class='ocrx_word' id='word_1_55' title='bbox 1456 1483 1585 1557; x_wconf 89' lang='lat' dir='ltr'><strong>debent</strong></span> <span class='ocrx_word' id='word_1_56' title='bbox 1608 1482 1804 1578; x_wconf 75' lang='lat' dir='ltr'><strong>specialiter</strong></span> <span class='ocrx_word' id='word_1_57' title='bbox 1822 1482 1860 1553; x_wconf 94' lang='lat' dir='ltr'><strong>in</strong></span> <span class='ocrx_word' id='word_1_58' title='bbox 1880 1502 2021 1555; x_wconf 75' lang='lat' dir='ltr'><strong>nemore</strong></span> 
     </span>
     <span class='ocr_line' id='line_1_8' title="bbox 610 1601 2021 1701; baseline 0.001 -26"><span class='ocrx_word' id='word_1_59' title='bbox 610 1612 726 1675; x_wconf 91' lang='lat' dir='ltr'><strong>nostro</strong></span> <span class='ocrx_word' id='word_1_60' title='bbox 743 1601 838 1697; x_wconf 91' lang='lat' dir='ltr'><strong>apud</strong></span> <span class='ocrx_word' id='word_1_61' title='bbox 852 1604 973 1675; x_wconf 90' lang='lat' dir='ltr'><strong>curtim</strong></span> <span class='ocrx_word' id='word_1_62' title='bbox 987 1604 1162 1677; x_wconf 81' lang='lat' dir='ltr'><strong>Lederatat</strong></span> <span class='ocrx_word' id='word_1_63' title='bbox 1176 1616 1210 1678; x_wconf 89' lang='lat' dir='ltr'><strong>et</strong></span> <span class='ocrx_word' id='word_1_64' title='bbox 1227 1606 1331 1680; x_wconf 90' lang='lat' dir='ltr'><strong>etiam</strong></span> <span class='ocrx_word' id='word_1_65' title='bbox 1349 1607 1385 1678; x_wconf 93' lang='lat' dir='ltr'><strong>iu</strong></span> <span class='ocrx_word' id='word_1_66' title='bbox 1399 1606 1478 1679; x_wconf 83' lang='lat' dir='ltr'><strong>aliis</strong></span> <span class='ocrx_word' id='word_1_67' title='bbox 1492 1606 1653 1679; x_wconf 76' lang='lat' dir='ltr'><strong>omuibus</strong></span> <span class='ocrx_word' id='word_1_68' title='bbox 1670 1606 1799 1701; x_wconf 87' lang='lat' dir='ltr'><strong>pratis,</strong></span> <span class='ocrx_word' id='word_1_69' title='bbox 1825 1604 1966 1699; x_wconf 85' lang='lat' dir='ltr'><strong>pascuis</strong></span> <span class='ocrx_word' id='word_1_70' title='bbox 1985 1616 2021 1677; x_wconf 90' lang='lat' dir='ltr'><strong>ct</strong></span> 
     </span>
     <span class='ocr_line' id='line_1_9' title="bbox 611 1726 2016 1828; baseline 0.002 -31"><span class='ocrx_word' id='word_1_71' title='bbox 611 1727 809 1799; x_wconf 91' lang='lat' dir='ltr'><strong>nemoribus</strong></span> <span class='ocrx_word' id='word_1_72' title='bbox 823 1726 984 1799; x_wconf 89' lang='lat' dir='ltr'><strong>civilibus</strong></span> <span class='ocrx_word' id='word_1_73' title='bbox 998 1738 1033 1800; x_wconf 91' lang='lat' dir='ltr'><strong>et</strong></span> <span class='ocrx_word' id='word_1_74' title='bbox 1048 1730 1219 1824; x_wconf 80' lang='lat' dir='ltr'><strong>legalibus</strong></span> <span class='ocrx_word' id='word_1_75' title='bbox 1234 1728 1286 1828; x_wconf 89' lang='lat' dir='ltr'><strong>(o)</strong></span> <span class='ocrx_word' id='word_1_76' title='bbox 1301 1730 1446 1803; x_wconf 88' lang='lat' dir='ltr'><strong>liberam</strong></span> <span class='ocrx_word' id='word_1_77' title='bbox 1466 1730 1596 1803; x_wconf 85' lang='lat' dir='ltr'><strong>babere</strong></span> <span class='ocrx_word' id='word_1_78' title='bbox 1607 1738 1809 1825; x_wconf 88' lang='lat' dir='ltr'><strong>potestatem</strong></span> <span class='ocrx_word' id='word_1_79' title='bbox 1828 1726 2016 1821; x_wconf 76' lang='lat' dir='ltr'><strong>evagandi.</strong></span> 
     </span>
     <span class='ocr_line' id='line_1_10' title="bbox 610 1849 2021 1948; baseline 0 -25"><span class='ocrx_word' id='word_1_80' title='bbox 610 1849 695 1923; x_wconf 86' lang='lat' dir='ltr'><strong>Cum</strong></span> <span class='ocrx_word' id='word_1_81' title='bbox 713 1852 818 1945; x_wconf 81' lang='lat' dir='ltr'><strong>igitur</strong></span> <span class='ocrx_word' id='word_1_82' title='bbox 832 1851 1037 1948; x_wconf 82' lang='lat' dir='ltr'><strong>supradictis</strong></span> <span class='ocrx_word' id='word_1_83' title='bbox 1057 1852 1173 1926; x_wconf 85' lang='lat' dir='ltr'><strong>abbati</strong></span> <span class='ocrx_word' id='word_1_84' title='bbox 1194 1863 1230 1927; x_wconf 89' lang='lat' dir='ltr'><strong>et</strong></span> <span class='ocrx_word' id='word_1_85' title='bbox 1248 1854 1435 1927; x_wconf 88' lang='lat' dir='ltr'><strong>conventui</strong></span> <span class='ocrx_word' id='word_1_86' title='bbox 1458 1854 1524 1928; x_wconf 88' lang='lat' dir='ltr'><strong>bec</strong></span> <span class='ocrx_word' id='word_1_87' title='bbox 1546 1852 1670 1928; x_wconf 87' lang='lat' dir='ltr'><strong>eadem</strong></span> <span class='ocrx_word' id='word_1_88' title='bbox 1687 1853 1791 1945; x_wconf 80' lang='lat' dir='ltr'><strong>longe</strong></span> <span class='ocrx_word' id='word_1_89' title='bbox 1807 1874 1828 1925; x_wconf 88' lang='lat' dir='ltr'><strong>a</strong></span> <span class='ocrx_word' id='word_1_90' title='bbox 1846 1852 2021 1925; x_wconf 76' lang='lat' dir='ltr'><strong>retroactis</strong></span> 
     </span>
     <span class='ocr_line' id='line_1_11' title="bbox 610 1974 2020 2070; baseline 0.001 -23"><span class='ocrx_word' id='word_1_91' title='bbox 610 1974 821 2070; x_wconf 88' lang='lat' dir='ltr'><strong>temporibus</strong></span> <span class='ocrx_word' id='word_1_92' title='bbox 834 1996 855 2047; x_wconf 92' lang='lat' dir='ltr'><strong>a</strong></span> <span class='ocrx_word' id='word_1_93' title='bbox 867 1974 1165 2069; x_wconf 85' lang='lat' dir='ltr'><strong>predecessoribus</strong></span> <span class='ocrx_word' id='word_1_94' title='bbox 1177 1977 1380 2049; x_wconf 87' lang='lat' dir='ltr'><strong>nostrissiut</strong></span> <span class='ocrx_word' id='word_1_95' title='bbox 1396 1997 1578 2069; x_wconf 87' lang='lat' dir='ltr'><strong>concessa,</strong></span> <span class='ocrx_word' id='word_1_96' title='bbox 1598 1976 1811 2049; x_wconf 92' lang='lat' dir='ltr'><strong>nosculmini</strong></span> <span class='ocrx_word' id='word_1_97' title='bbox 1821 1983 1936 2047; x_wconf 87' lang='lat' dir='ltr'><strong>nostre</strong></span> <span class='ocrx_word' id='word_1_98' title='bbox 1946 1996 2020 2048; x_wconf 88' lang='lat' dir='ltr'><strong>ma·</strong></span> 
     </span>
     <span class='ocr_line' id='line_1_12' title="bbox 611 2096 2020 2195; baseline 0.002 -27"><span class='ocrx_word' id='word_1_99' title='bbox 611 2096 809 2191; x_wconf 78' lang='lat' dir='ltr'><strong>gnillceutie</strong></span> <span class='ocrx_word' id='word_1_100' title='bbox 823 2098 859 2169; x_wconf 93' lang='lat' dir='ltr'><strong>in</strong></span> <span class='ocrx_word' id='word_1_101' title='bbox 873 2098 938 2170; x_wconf 89' lang='lat' dir='ltr'><strong>bac</strong></span> <span class='ocrx_word' id='word_1_102' title='bbox 952 2108 1047 2193; x_wconf 86' lang='lat' dir='ltr'><strong>parte</strong></span> <span class='ocrx_word' id='word_1_103' title='bbox 1060 2108 1271 2195; x_wconf 78' lang='lat' dir='ltr'><strong>satagentes,</strong></span> <span class='ocrx_word' id='word_1_104' title='bbox 1295 2099 1512 2195; x_wconf 85' lang='lat' dir='ltr'><strong>supradictas</strong></span> <span class='ocrx_word' id='word_1_105' title='bbox 1532 2100 1771 2174; x_wconf 88' lang='lat' dir='ltr'><strong>concessiones</strong></span> <span class='ocrx_word' id='word_1_106' title='bbox 1788 2098 1920 2172; x_wconf 89' lang='lat' dir='ltr'><strong>eisdem</strong></span> <span class='ocrx_word' id='word_1_107' title='bbox 1937 2120 2020 2171; x_wconf 92' lang='lat' dir='ltr'><strong>con·</strong></span> 
     </span>
     <span class='ocr_line' id='line_1_13' title="bbox 613 2220 2017 2321; baseline -0.001 -28"><span class='ocrx_word' id='word_1_108' title='bbox 613 2242 727 2293; x_wconf 85' lang='lat' dir='ltr'><strong>cessas</strong></span> <span class='ocrx_word' id='word_1_109' title='bbox 741 2220 786 2293; x_wconf 93' lang='lat' dir='ltr'><strong>de</strong></span> <span class='ocrx_word' id='word_1_110' title='bbox 799 2221 1000 2295; x_wconf 87' lang='lat' dir='ltr'><strong>liberalitate</strong></span> <span class='ocrx_word' id='word_1_111' title='bbox 1016 2232 1131 2295; x_wconf 84' lang='lat' dir='ltr'><strong>nostre</strong></span> <span class='ocrx_word' id='word_1_112' title='bbox 1146 2224 1332 2315; x_wconf 88' lang='lat' dir='ltr'><strong>majestatis</strong></span> <span class='ocrx_word' id='word_1_113' title='bbox 1345 2223 1575 2321; x_wconf 79' lang='lat' dir='ltr'><strong>approbantes</strong></span> <span class='ocrx_word' id='word_1_114' title='bbox 1582 2231 1751 2321; x_wconf 88' lang='lat' dir='ltr'><strong>perpetuo</strong></span> <span class='ocrx_word' id='word_1_115' title='bbox 1761 2220 2017 2297; x_wconf 87' lang='lat' dir='ltr'><strong>confirmamus.</strong></span> 
     </span>
     <span class='ocr_line' id='line_1_14' title="bbox 612 2344 2021 2445; baseline 0 -29"><span class='ocrx_word' id='word_1_116' title='bbox 612 2344 703 2416; x_wconf 90' lang='lat' dir='ltr'><strong>Nulli</strong></span> <span class='ocrx_word' id='word_1_117' title='bbox 717 2365 800 2437; x_wconf 82' lang='lat' dir='ltr'><strong>ergo</strong></span> <span class='ocrx_word' id='word_1_118' title='bbox 821 2345 962 2418; x_wconf 91' lang='lat' dir='ltr'><strong>omnino</strong></span> <span class='ocrx_word' id='word_1_119' title='bbox 984 2344 1160 2420; x_wconf 90' lang='lat' dir='ltr'><strong>bominum</strong></span> <span class='ocrx_word' id='word_1_120' title='bbox 1177 2348 1279 2420; x_wconf 87' lang='lat' dir='ltr'><strong>licoat</strong></span> <span class='ocrx_word' id='word_1_121' title='bbox 1295 2348 1386 2421; x_wconf 84' lang='lat' dir='ltr'><strong>hanc</strong></span> <span class='ocrx_word' id='word_1_122' title='bbox 1406 2349 1567 2445; x_wconf 79' lang='lat' dir='ltr'><strong>paginam</strong></span> <span class='ocrx_word' id='word_1_123' title='bbox 1583 2356 1697 2421; x_wconf 91' lang='lat' dir='ltr'><strong>nostre</strong></span> <span class='ocrx_word' id='word_1_124' title='bbox 1712 2346 1969 2441; x_wconf 87' lang='lat' dir='ltr'><strong>approbationis</strong></span> <span class='ocrx_word' id='word_1_125' title='bbox 1985 2356 2021 2417; x_wconf 89' lang='lat' dir='ltr'><strong>et</strong></span> 
     </span>
     <span class='ocr_line' id='line_1_15' title="bbox 612 2466 2020 2564; baseline 0 -25"><span class='ocrx_word' id='word_1_126' title='bbox 612 2466 877 2541; x_wconf 84' lang='lat' dir='ltr'><strong>confirmationis</strong></span> <span class='ocrx_word' id='word_1_127' title='bbox 905 2468 1090 2564; x_wconf 78' lang='lat' dir='ltr'><strong>intringere</strong></span> <span class='ocrx_word' id='word_1_128' title='bbox 1112 2472 1169 2543; x_wconf 88' lang='lat' dir='ltr'><strong>vel</strong></span> <span class='ocrx_word' id='word_1_129' title='bbox 1197 2470 1230 2543; x_wconf 89' lang='lat' dir='ltr'><strong>ei</strong></span> <span class='ocrx_word' id='word_1_130' title='bbox 1258 2493 1347 2545; x_wconf 89' lang='lat' dir='ltr'><strong>ausu</strong></span> <span class='ocrx_word' id='word_1_131' title='bbox 1378 2472 1561 2545; x_wconf 83' lang='lat' dir='ltr'><strong>temerario</strong></span> <span class='ocrx_word' id='word_1_132' title='bbox 1585 2469 1764 2545; x_wconf 86' lang='lat' dir='ltr'><strong>contraire.</strong></span> <span class='ocrx_word' id='word_1_133' title='bbox 1788 2469 1825 2541; x_wconf 90' lang='lat' dir='ltr'><strong>Si</strong></span> <span class='ocrx_word' id='word_1_134' title='bbox 1849 2468 1929 2563; x_wconf 88' lang='lat' dir='ltr'><strong>quis</strong></span> <span class='ocrx_word' id='word_1_135' title='bbox 1953 2490 2020 2540; x_wconf 91' lang='lat' dir='ltr'><strong>an-</strong></span> 
     </span>
     <span class='ocr_line' id='line_1_16' title="bbox 610 2590 893 2689; baseline 0.004 -27"><span class='ocrx_word' id='word_1_136' title='bbox 610 2600 696 2681; x_wconf 91' lang='lat' dir='ltr'><strong>tem,</strong></span> <span class='ocrx_word' id='word_1_137' title='bbox 716 2600 783 2665; x_wconf 86' lang='lat' dir='ltr'><strong>etc.</strong></span> <span class='ocrx_word' id='word_1_138' title='bbox 804 2590 893 2689; x_wconf 78' lang='lat' dir='ltr'><strong>(sic).</strong></span> 
     </span>
     <span class='ocr_line' id='line_1_17' title="bbox 658 2713 1725 2825; baseline 0.004 -38"><span class='ocrx_word' id='word_1_139' title='bbox 658 2716 783 2787; x_wconf 85' lang='lat' dir='ltr'><strong>Datum</strong></span> <span class='ocrx_word' id='word_1_140' title='bbox 796 2713 890 2811; x_wconf 85' lang='lat' dir='ltr'><strong>apud</strong></span> <span class='ocrx_word' id='word_1_141' title='bbox 909 2715 1091 2809; x_wconf 84' lang='lat' dir='ltr'><strong>Werdam,</strong></span> <span class='ocrx_word' id='word_1_142' title='bbox 1113 2714 1161 2789; x_wconf 87' lang='lat' dir='ltr'><strong>lX</strong></span> <span class='ocrx_word' id='word_1_143' title='bbox 1177 2716 1344 2807; x_wconf 83' lang='lat' dir='ltr'><strong>kalendas</strong></span> <span class='ocrx_word' id='word_1_144' title='bbox 1353 2718 1464 2813; x_wconf 87' lang='lat' dir='ltr'><strong>junii,</strong></span> <span class='ocrx_word' id='word_1_145' title='bbox 1483 2716 1672 2825; x_wconf 87' lang='lat' dir='ltr'><strong>indictione</strong></span> <span class='ocrx_word' id='word_1_146' title='bbox 1682 2717 1725 2791; x_wconf 86' lang='lat' dir='ltr'><strong>V.</strong></span> 
     </span>
    </p>
   </div>
   <div class='ocr_carea' id='block_1_3' title="bbox 611 3234 2019 3612">
    <p class='ocr_par' dir='ltr' id='par_1_3' title="bbox 611 3234 2019 3612">
     <span class='ocr_line' id='line_1_18' title="bbox 664 3234 2019 3347; baseline -0.002 -27"><span class='ocrx_word' id='word_1_147' title='bbox 664 3238 867 3344; x_wconf 86' lang='lat' dir='ltr'><strong>Henricus,</strong></span> <span class='ocrx_word' id='word_1_148' title='bbox 896 3234 1157 3320; x_wconf 87' lang='lat' dir='ltr'><strong>Romanorum</strong></span> <span class='ocrx_word' id='word_1_149' title='bbox 1184 3264 1271 3347; x_wconf 85' lang='lat' dir='ltr'><strong>rex,</strong></span> <span class='ocrx_word' id='word_1_150' title='bbox 1300 3238 1456 3322; x_wconf 92' lang='lat' dir='ltr'><strong>nomine</strong></span> <span class='ocrx_word' id='word_1_151' title='bbox 1487 3240 1559 3320; x_wconf 86' lang='lat' dir='ltr'><strong>ebo</strong></span> <span class='ocrx_word' id='word_1_152' title='bbox 1584 3246 1741 3320; x_wconf 85' lang='lat' dir='ltr'><strong>renovat</strong></span> <span class='ocrx_word' id='word_1_153' title='bbox 1766 3234 2019 3319; x_wconf 80' lang='lat' dir='ltr'><strong>confoedera-</strong></span> 
     </span>
     <span class='ocr_line' id='line_1_19' title="bbox 611 3367 2019 3479; baseline -0.002 -28"><span class='ocrx_word' id='word_1_154' title='bbox 611 3370 753 3453; x_wconf 90' lang='lat' dir='ltr'><strong>tionem</strong></span> <span class='ocrx_word' id='word_1_155' title='bbox 789 3376 965 3451; x_wconf 85' lang='lat' dir='ltr'><strong>mutuam</strong></span> <span class='ocrx_word' id='word_1_156' title='bbox 996 3367 1095 3449; x_wconf 86' lang='lat' dir='ltr'><strong>inter</strong></span> <span class='ocrx_word' id='word_1_157' title='bbox 1130 3368 1362 3453; x_wconf 84' lang='lat' dir='ltr'><strong>Ludoricum</strong></span> <span class='ocrx_word' id='word_1_158' title='bbox 1390 3368 1624 3473; x_wconf 81' lang='lat' dir='ltr'><strong>Francorum</strong></span> <span class='ocrx_word' id='word_1_159' title='bbox 1654 3393 1785 3479; x_wconf 85' lang='lat' dir='ltr'><strong>regem</strong></span> <span class='ocrx_word' id='word_1_160' title='bbox 1806 3376 1843 3449; x_wconf 90' lang='lat' dir='ltr'><strong>et</strong></span> <span class='ocrx_word' id='word_1_161' title='bbox 1873 3378 2019 3477; x_wconf 86' lang='lat' dir='ltr'><strong>patrem</strong></span> 
     </span>
     <span class='ocr_line' id='line_1_20' title="bbox 614 3500 1769 3612; baseline 0.001 -28"><span class='ocrx_word' id='word_1_162' title='bbox 614 3528 728 3586; x_wconf 92' lang='lat' dir='ltr'><strong>suum</strong></span> <span class='ocrx_word' id='word_1_163' title='bbox 746 3502 900 3610; x_wconf 83' lang='lat' dir='ltr'><strong>initam,</strong></span> <span class='ocrx_word' id='word_1_164' title='bbox 921 3511 959 3583; x_wconf 86' lang='lat' dir='ltr'><strong>et</strong></span> <span class='ocrx_word' id='word_1_165' title='bbox 976 3526 1062 3583; x_wconf 88' lang='lat' dir='ltr'><strong>eam</strong></span> <span class='ocrx_word' id='word_1_166' title='bbox 1079 3500 1119 3581; x_wconf 92' lang='lat' dir='ltr'><strong>in</strong></span> <span class='ocrx_word' id='word_1_167' title='bbox 1139 3501 1268 3583; x_wconf 88' lang='lat' dir='ltr'><strong>anima</strong></span> <span class='ocrx_word' id='word_1_168' title='bbox 1286 3528 1357 3584; x_wconf 88' lang='lat' dir='ltr'><strong>sue</strong></span> <span class='ocrx_word' id='word_1_169' title='bbox 1370 3500 1494 3612; x_wconf 87' lang='lat' dir='ltr'><strong>jurari</strong></span> <span class='ocrx_word' id='word_1_170' title='bbox 1510 3502 1703 3612; x_wconf 87' lang='lat' dir='ltr'><strong>praecipit.</strong></span> <span class='ocrx_word' id='word_1_171' title='bbox 1765 3522 1769 3530; x_wconf 82' lang='grc'><em>·</em></span> 
     </span>
    </p>
   </div>
   <div class='ocr_carea' id='block_1_4' title="bbox 693 3710 2021 4005">
    <p class='ocr_par' dir='ltr' id='par_1_4' title="bbox 693 3710 2021 4005">
     <span class='ocr_line' id='line_1_21' title="bbox 693 3710 2019 3793; baseline -0.002 -18"><span class='ocrx_word' id='word_1_172' title='bbox 693 3711 815 3793; x_wconf 86' lang='lat' dir='ltr'><strong>(Incdlt.</strong></span> <span class='ocrx_word' id='word_1_173' title='bbox 828 3728 865 3773; x_wconf 83' lang='lat' dir='ltr'><strong>ex</strong></span> <span class='ocrx_word' id='word_1_174' title='bbox 878 3712 1014 3791; x_wconf 72' lang='lat' dir='ltr'><strong>ltegtstru</strong></span> <span class='ocrx_word' id='word_1_175' title='bbox 1029 3716 1091 3775; x_wconf 83' lang='lat' dir='ltr'><strong>slve</strong></span> <span class='ocrx_word' id='word_1_176' title='bbox 1113 3712 1297 3777; x_wconf 78' lang='lat' dir='ltr'><strong>chartulario</strong></span> <span class='ocrx_word' id='word_1_177' title='bbox 1317 3712 1445 3791; x_wconf 83' lang='lat' dir='ltr'><strong>Pblltppl</strong></span> <span class='ocrx_word' id='word_1_178' title='bbox 1467 3714 1611 3793; x_wconf 74' lang='lat' dir='ltr'><strong>Augusti,</strong></span> <span class='ocrx_word' id='word_1_179' title='bbox 1636 3728 1686 3791; x_wconf 81' lang='lat' dir='ltr'><strong>ap.</strong></span> <span class='ocrx_word' id='word_1_180' title='bbox 1708 3712 1785 3775; x_wconf 79' lang='lat' dir='ltr'><strong>utut</strong></span> <span class='ocrx_word' id='word_1_181' title='bbox 1814 3726 1878 3789; x_wconf 73' lang='lat' dir='ltr'><strong>reg.</strong></span> <span class='ocrx_word' id='word_1_182' title='bbox 1903 3710 2019 3790; x_wconf 76' lang='lat' dir='ltr'><strong>Puris,</strong></span> 
     </span>
     <span class='ocr_line' id='line_1_22' title="bbox 732 3815 2021 3898; baseline -0.002 -17"><span class='ocrx_word' id='word_1_183' title='bbox 732 3827 765 3881; x_wconf 83' lang='lat' dir='ltr'><strong>n⁰</strong></span> <span class='ocrx_word' id='word_1_184' title='bbox 779 3827 872 3891; x_wconf 74' lang='lat'><strong>84⁰8,</strong></span> <span class='ocrx_word' id='word_1_185' title='bbox 892 3817 946 3881; x_wconf 86' lang='lat' dir='ltr'><strong>tol.</strong></span> <span class='ocrx_word' id='word_1_186' title='bbox 965 3828 1021 3881; x_wconf 80' lang='lat' dir='ltr'><strong>tuo</strong></span> <span class='ocrx_word' id='word_1_187' title='bbox 1041 3824 1136 3895; x_wconf 85' lang='lat' dir='ltr'><strong>recto,</strong></span> <span class='ocrx_word' id='word_1_188' title='bbox 1152 3826 1183 3881; x_wconf 88' lang='lat' dir='ltr'><strong>et</strong></span> <span class='ocrx_word' id='word_1_189' title='bbox 1197 3828 1254 3881; x_wconf 76' lang='lat'><strong>1⁷0</strong></span> <span class='ocrx_word' id='word_1_190' title='bbox 1266 3833 1364 3895; x_wconf 68' lang='lat' dir='ltr'><strong>ruso,</strong></span> <span class='ocrx_word' id='word_1_191' title='bbox 1378 3818 1545 3882; x_wconf 82' lang='lat' dir='ltr'><strong>ubltcmeu</strong></span> <span class='ocrx_word' id='word_1_192' title='bbox 1563 3834 1625 3881; x_wconf 89' lang='lat' dir='ltr'><strong>non</strong></span> <span class='ocrx_word' id='word_1_193' title='bbox 1641 3818 1854 3898; x_wconf 67' lang='lat' dir='ltr'><strong>adluegmm,</strong></span> <span class='ocrx_word' id='word_1_194' title='bbox 1871 3815 2021 3895; x_wconf 79' lang='lat' dir='ltr'><strong>aedqucsl</strong></span> 
     </span>
     <span class='ocr_line' id='line_1_23' title="bbox 732 3923 1168 4005; baseline 0 -18"><span class='ocrx_word' id='word_1_195' title='bbox 732 3923 789 3987; x_wconf 88' lang='lat' dir='ltr'><strong>sub</strong></span> <span class='ocrx_word' id='word_1_196' title='bbox 802 3924 974 4005; x_wconf 85' lang='lat' dir='ltr'><strong>compendlo</strong></span> <span class='ocrx_word' id='word_1_197' title='bbox 987 3924 1168 4005; x_wconf 79' lang='lat' dir='ltr'><strong>exhibetur.)</strong></span> 
     </span>
    </p>
   </div>
   <div class='ocr_carea' id='block_1_5' title="bbox 614 4102 2020 4457">
    <p class='ocr_par' dir='ltr' id='par_1_5' title="bbox 614 4102 2020 4457">
     <span class='ocr_line' id='line_1_24' title="bbox 663 4102 2020 4207; baseline -0.007 -21"><span class='ocrx_word' id='word_1_198' title='bbox 663 4112 900 4187; x_wconf 86' lang='lat' dir='ltr'><strong>Conlederatio</strong></span> <span class='ocrx_word' id='word_1_199' title='bbox 917 4113 1005 4185; x_wconf 85' lang='lat' dir='ltr'><strong>inter</strong></span> <span class='ocrx_word' id='word_1_200' title='bbox 1018 4112 1203 4185; x_wconf 87' lang='lat' dir='ltr'><strong>Heuricum</strong></span> <span class='ocrx_word' id='word_1_201' title='bbox 1217 4132 1333 4207; x_wconf 78' lang='lat' dir='ltr'><strong>regem</strong></span> <span class='ocrx_word' id='word_1_202' title='bbox 1352 4112 1582 4184; x_wconf 84' lang='lat' dir='ltr'><strong>Romanorum</strong></span> <span class='ocrx_word' id='word_1_203' title='bbox 1601 4106 1712 4180; x_wconf 88' lang='lat' dir='ltr'><strong>filium</strong></span> <span class='ocrx_word' id='word_1_204' title='bbox 1733 4105 1880 4204; x_wconf 89' lang='lat' dir='ltr'><strong>predicti</strong></span> <span class='ocrx_word' id='word_1_205' title='bbox 1894 4102 2020 4178; x_wconf 86' lang='lat' dir='ltr'><strong>Frede-</strong></span> 
     </span>
     <span class='ocr_line' id='line_1_25' title="bbox 614 4227 2020 4332; baseline -0.008 -23"><span class='ocrx_word' id='word_1_206' title='bbox 614 4236 677 4309; x_wconf 91' lang='lat' dir='ltr'><strong>rici</strong></span> <span class='ocrx_word' id='word_1_207' title='bbox 696 4245 731 4309; x_wconf 90' lang='lat' dir='ltr'><strong>et</strong></span> <span class='ocrx_word' id='word_1_208' title='bbox 747 4237 909 4311; x_wconf 89' lang='lat' dir='ltr'><strong>eumdem</strong></span> <span class='ocrx_word' id='word_1_209' title='bbox 926 4233 1142 4309; x_wconf 86' lang='lat' dir='ltr'><strong>Ludovicum</strong></span> <span class='ocrx_word' id='word_1_210' title='bbox 1156 4254 1274 4328; x_wconf 81' lang='lat' dir='ltr'><strong>regam</strong></span> <span class='ocrx_word' id='word_1_211' title='bbox 1293 4230 1366 4332; x_wconf 90' lang='lat' dir='ltr'><strong>[de]</strong></span> <span class='ocrx_word' id='word_1_212' title='bbox 1383 4234 1493 4307; x_wconf 85' lang='lat' dir='ltr'><strong>verbo</strong></span> <span class='ocrx_word' id='word_1_213' title='bbox 1516 4232 1562 4308; x_wconf 91' lang='lat' dir='ltr'><strong>ad</strong></span> <span class='ocrx_word' id='word_1_214' title='bbox 1582 4230 1746 4323; x_wconf 83' lang='lat' dir='ltr'><strong>verbum,</strong></span> <span class='ocrx_word' id='word_1_215' title='bbox 1775 4229 1867 4302; x_wconf 91' lang='lat' dir='ltr'><strong>sicut</strong></span> <span class='ocrx_word' id='word_1_216' title='bbox 1884 4227 1919 4299; x_wconf 92' lang='lat' dir='ltr'><strong>iu</strong></span> <span class='ocrx_word' id='word_1_217' title='bbox 1937 4248 2020 4300; x_wconf 90' lang='lat' dir='ltr'><strong>cou-</strong></span> 
     </span>
     <span class='ocr_line' id='line_1_26' title="bbox 614 4354 2020 4457; baseline -0.008 -24"><span class='ocrx_word' id='word_1_218' title='bbox 614 4361 824 4435; x_wconf 88' lang='lat' dir='ltr'><strong>lederatione</strong></span> <span class='ocrx_word' id='word_1_219' title='bbox 839 4358 1035 4457; x_wconf 89' lang='lat' dir='ltr'><strong>precedenti</strong></span> <span class='ocrx_word' id='word_1_220' title='bbox 1057 4356 1130 4455; x_wconf 84' lang='lat' dir='ltr'><strong>(t);</strong></span> <span class='ocrx_word' id='word_1_221' title='bbox 1156 4380 1227 4454; x_wconf 91' lang='lat' dir='ltr'><strong>que</strong></span> <span class='ocrx_word' id='word_1_222' title='bbox 1247 4357 1298 4431; x_wconf 89' lang='lat' dir='ltr'><strong>sic</strong></span> <span class='ocrx_word' id='word_1_223' title='bbox 1315 4358 1465 4454; x_wconf 72' lang='lat' dir='ltr'><strong>incipite</strong></span> <span class='ocrx_word' id='word_1_224' title='bbox 1486 4357 1564 4429; x_wconf 86' lang='grc' dir='ltr'><strong>«Η.</strong></span> <span class='ocrx_word' id='word_1_225' title='bbox 1587 4356 1649 4430; x_wconf 87' lang='lat' dir='ltr'><strong>Dei</strong></span> <span class='ocrx_word' id='word_1_226' title='bbox 1669 4354 1779 4449; x_wconf 79' lang='lat' dir='ltr'><strong>gratia</strong></span> <span class='ocrx_word' id='word_1_227' title='bbox 1792 4354 2020 4427; x_wconf 83' lang='lat' dir='ltr'><strong>Romanorum</strong></span> 
     </span>
    </p>
   </div>
   <div class='ocr_carea' id='block_1_6' title="bbox 656 4506 1184 4591">
    <p class='ocr_par' dir='ltr' id='par_1_6' title="bbox 656 4506 1184 4591">
     <span class='ocr_line' id='line_1_27' title="bbox 656 4506 1184 4591; baseline 0 -19"><span class='ocrx_word' id='word_1_228' title='bbox 656 4513 696 4585; x_wconf 85' lang='lat' dir='ltr'><strong>(a)</strong></span> <span class='ocrx_word' id='word_1_229' title='bbox 717 4512 851 4573; x_wconf 84' lang='lat' dir='ltr'><strong>Forsltun</strong></span> <span class='ocrx_word' id='word_1_230' title='bbox 865 4510 1019 4589; x_wconf 82' lang='lat' dir='ltr'><strong>legendum</strong></span> <span class='ocrx_word' id='word_1_231' title='bbox 1031 4506 1184 4591; x_wconf 63' lang='lat' dir='ltr'><strong>reptilibus</strong></span> 
     </span>
    </p>
   </div>
   <div class='ocr_carea' id='block_1_7' title="bbox 612 4730 2020 4902">
    <p class='ocr_par' dir='ltr' id='par_1_7' title="bbox 612 4730 2020 4902">
     <span class='ocr_line' id='line_1_28' title="bbox 652 4730 2020 4819; baseline -0.005 -20"><span class='ocrx_word' id='word_1_232' title='bbox 652 4746 690 4818; x_wconf 81' lang='lat' dir='ltr'><strong>(t)</strong></span> <span class='ocrx_word' id='word_1_233' title='bbox 707 4744 747 4802; x_wconf 83' lang='lat' dir='ltr'><strong>lia</strong></span> <span class='ocrx_word' id='word_1_234' title='bbox 760 4743 861 4801; x_wconf 88' lang='lat' dir='ltr'><strong>scilicet</strong></span> <span class='ocrx_word' id='word_1_235' title='bbox 875 4760 944 4817; x_wconf 86' lang='lat' dir='ltr'><strong>quae</strong></span> <span class='ocrx_word' id='word_1_236' title='bbox 962 4758 1044 4819; x_wconf 85' lang='lat' dir='ltr'><strong>supra</strong></span> <span class='ocrx_word' id='word_1_237' title='bbox 1056 4744 1159 4817; x_wconf 82' lang='lat' dir='ltr'><strong>integra</strong></span> <span class='ocrx_word' id='word_1_238' title='bbox 1173 4742 1262 4813; x_wconf 83' lang='lat' dir='ltr'><strong>datur,</strong></span> <span class='ocrx_word' id='word_1_239' title='bbox 1275 4758 1303 4817; x_wconf 90' lang='lat' dir='ltr'><strong>p.</strong></span> <span class='ocrx_word' id='word_1_240' title='bbox 1322 4744 1373 4799; x_wconf 69' lang='lat' dir='ltr'><strong>att</strong></span> <span class='ocrx_word' id='word_1_241' title='bbox 1385 4747 1414 4799; x_wconf 92' lang='lat' dir='ltr'><strong>et</strong></span> <span class='ocrx_word' id='word_1_242' title='bbox 1432 4756 1527 4815; x_wconf 64' lang='lat' dir='ltr'><strong>seqq„</strong></span> <span class='ocrx_word' id='word_1_243' title='bbox 1540 4741 1593 4799; x_wconf 85' lang='lat' dir='ltr'><strong>sub</strong></span> <span class='ocrx_word' id='word_1_244' title='bbox 1611 4739 1675 4798; x_wconf 87' lang='lat' dir='ltr'><strong>dato</strong></span> <span class='ocrx_word' id='word_1_245' title='bbox 1693 4738 1765 4813; x_wconf 85' lang='lat' dir='ltr'><strong>apud</strong></span> <span class='ocrx_word' id='word_1_246' title='bbox 1782 4738 1891 4795; x_wconf 81' lang='lat' dir='ltr'><strong>Portum</strong></span> <span class='ocrx_word' id='word_1_247' title='bbox 1903 4730 2020 4803; x_wconf 75' lang='lat' dir='ltr'><strong>Naeuia,</strong></span> 
     </span>
     <span class='ocr_line' id='line_1_29' title="bbox 612 4844 781 4902; baseline -0.024 0"><span class='ocrx_word' id='word_1_248' title='bbox 612 4844 683 4902; x_wconf 89' lang='lat' dir='ltr'><strong>maio</strong></span> <span class='ocrx_word' id='word_1_249' title='bbox 700 4844 781 4901; x_wconf 78' lang='lat'><strong>⁴2³2.</strong></span> 
     </span>
    </p>
   </div>
   <div class='ocr_carea' id='block_1_8' title="bbox 0 0 2434 6356">
    <p class='ocr_par' dir='ltr' id='par_1_8' title="bbox 0 0 2434 6356">
     <span class='ocr_line' id='line_1_30' title="bbox 0 0 2434 6356; baseline 0 0"><span class='ocrx_word' id='word_1_250' title='bbox 0 0 2434 6356; x_wconf 95' lang='lat' dir='ltr'><strong> </strong></span> 
     </span>
    </p>
   </div>
  </div>
 </body>
</html>
