4859 6359
409 754 510 815 lsnscr.
526 752 571 828 9.]
864 748 1062 811 HISTORIA
1086 743 1378 808 btrtoltttrtct
1766 750 1829 814 829

459 885 682 959 sanctissimo
709 884 746 957 in
766 883 901 958 Christo
927 883 1013 980 patri
1031 883 1212 976 Gregorio,
1231 879 1295 954 Dei
1317 878 1426 973 gratia
1451 887 1569 954 sancte
1589 881 1743 957 Romane
1764 884 1829 958 Eo-

412 1012 518 1084 clesie
532 1030 669 1084 summo
689 1007 864 1105 pontifici,
882 1007 1090 1098 Fridericus,
1111 1005 1233 1080 eadem
1257 1004 1369 1100 gratia
1385 1005 1619 1079 Romanorum
1642 1007 1829 1104 imperator

412 1153 549 1228 semper
574 1139 763 1226 augustus,
783 1131 995 1204 Hierusalem
1013 1139 1051 1204 et
1065 1129 1180 1202 Sicilie
1207 1149 1290 1220 rex,
1309 1130 1455 1202 salutem
1480 1138 1517 1202 et
1540 1132 1768 1204 reverentiam
1787 1131 1828 1204 fl·

413 1255 541 1329 lialem.
560 1253 724 1328 Preterita
741 1263 856 1328 nostre
879 1253 1084 1327 sinceritatis
1106 1253 1274 1348 obsequia
1290 1273 1360 1348 que
1373 1255 1447 1348 jam
1471 1273 1492 1325 a
1518 1255 1684 1327 memoria
1711 1265 1826 1330 nostra

416 1378 618 1453 deciderant
643 1376 729 1450 dum
754 1375 800 1450 ad
816 1379 931 1451 lutura
954 1377 1156 1472 propensius
1172 1375 1387 1473 aspiramus,
1411 1397 1453 1448 ac
1476 1397 1566 1472 pura
1582 1387 1696 1451 vestre
1713 1388 1826 1474 pater·

411 1503 530 1574 nitatis
546 1499 678 1574 affectio
694 1523 800 1598 qnam
818 1501 862 1575 de
879 1501 1005 1574 scrinio
1022 1501 1128 1573 nostri
1145 1500 1292 1595 pectoris
1307 1497 1474 1573 abradere
1495 1499 1631 1573 dierum
1646 1522 1740 1576 serra
1752 1524 1825 1576 non

408 1625 556 1722 poterit,
580 1625 666 1700 dum
689 1627 877 1700 cousualis
901 1647 1000 1722 spem
1018 1624 1128 1721 gratie
1147 1624 1342 1722 repromisit
1359 1625 1451 1698 votis
1466 1625 1610 1718 nostris,
1636 1635 1737 1699 acuta
1753 1628 1823 1700 cal·

411 1750 504 1824 caria
526 1749 739 1847 prebuerunt
764 1759 803 1823 nt
827 1750 997 1824 voluntati
1014 1758 1128 1823 vestre
1142 1769 1204 1845 per
1218 1748 1334 1822 omnia
1348 1769 1419 1843 que
1432 1747 1598 1822 bonorem
1615 1750 1767 1824 Ecclesia
1787 1762 1823 1825 et

411 1872 550 1970 imperii
567 1881 660 1948 recta
678 1875 789 1946 frome
811 1873 1042 1970 prospiciunt,
1066 1872 1165 1944 hilari
1191 1881 1307 1944 mente
1336 1893 1516 1945 occunere
1543 1871 1745 1948 debeamus.
1765 1873 1821 1948 Ad

408 1995 499 2069 illud
516 1995 728 2092 impossibile
742 2006 869 2089 umen,
886 1995 1188 2092 providentissime
1201 2003 1310 2090 pater,
1327 2015 1392 2069 nec
1406 1996 1561 2090 obligare
1575 2017 1641 2070 nos
1657 2000 1822 2072 volumus

408 2139 475 2193 nec
483 2140 676 2216 possemus,
694 2119 790 2215 quod
802 2142 863 2216 per
877 2119 1014 2193 sinistre
1030 2141 1099 2193 non
1114 2119 1334 2215 suspicionis,
1348 2119 1412 2193 sed
1424 2120 1598 2194 relationis
1609 2121 1821 2195 absinthium

407 2242 590 2318 amaricari
611 2243 656 2317 de
674 2243 776 2316 vobis
793 2252 948 2317 nostrum
971 2265 1039 2316 non
1062 2243 1299 2338 permittamus
1323 2243 1499 2335 anditum,
1519 2245 1683 2317 venenari
1705 2253 1819 2319 umen

408 2367 632 2441 nullomodo
654 2368 711 2441 vel
731 2375 884 2463 tempore
906 2369 1143 2464 permittemus
1168 2366 1344 2441 eumdem.
1362 2367 1439 2440 Non
1464 2368 1643 2440 amaricari
1670 2389 1821 2464 namque

408 2510 478 2562 non
500 2497 613 2586 potest
639 2487 853 2563 devotissimi
879 2489 942 2561 lilii
960 2489 1114 2562 sincerus
1132 2489 1291 2581 auditus,
1318 2511 1423 2584 quem
1448 2489 1520 2564 iere
1544 2491 1657 2563 omnis
1683 2492 1819 2584 generis

407 2611 589 2686 hominum
605 2612 741 2687 sinistra
767 2611 957 2688 dicentium
975 2613 1076 2686 turba
1098 2613 1292 2686 conturbat.
1312 2612 1384 2686 Nec
1402 2621 1515 2686 tamen
1535 2614 1763 2686 amaricemur
1780 2615 1818 2686 in

409 2737 509 2810 vobis
534 2736 580 2812 de
604 2757 675 2833 quo
701 2737 788 2812 lalsa
809 2735 1033 2832 confingunt,
1054 2735 1355 2810 sedamaricamur
1380 2736 1417 2808 in
1442 2736 1527 2832 ipsis
1553 2737 1615 2831 qui
1642 2738 1727 2810 falsa
1753 2760 1818 2811 nos

408 2861 551 2936 credere
567 2861 778 2952 moliuntur;
798 2859 887 2936 adeo
900 2869 940 2933 ut
955 2860 1022 2934 nisi
1039 2860 1148 2934 multa
1164 2860 1255 2934 bone
1268 2859 1475 2932 conscientie
1491 2861 1644 2956 gravius
1656 2860 1817 2955 quamde

406 2983 510 3058 vobis
526 2983 646 3058 baberi
663 2985 753 3058 Petri
770 2993 866 3082 petra
883 2985 1073 3081 compellit,
1089 3006 1111 3057 a
1130 2984 1269 3058 levitate
1287 2981 1506 3056 mendacium
1522 2991 1692 3056 averteret
1713 3006 1816 3058 aures

405 3117 442 3180 et
460 3108 615 3182 animum
633 3108 822 3202 audientis,
839 3110 930 3183 fame
948 3108 1089 3182 scientia
1102 3106 1304 3201 deserviret,
1324 3107 1392 3178 nisi
1407 3104 1504 3201 qnod
1518 3106 1614 3203 apud
1633 3129 1694 3181 nos
1709 3107 1815 3180 unius

406 3232 598 3308 constantie
630 3232 739 3306 virtus
767 3233 951 3306 multorum
985 3231 1203 3305 menducium
1235 3250 1380 3304 numero
1405 3251 1476 3302 non
1505 3231 1711 3305 succumbit.
1745 3233 1815 3305 llos

405 3363 537 3446 tamen,
557 3377 579 3428 o
596 3365 706 3452 pater,
725 3357 865 3450 inistis,
892 3355 922 3429 si
943 3354 1058 3430 dicere
1081 3356 1194 3446 liceat,
1214 3352 1320 3428 valde
1343 3354 1532 3428 lentissima
1555 3355 1657 3428 nobis
1683 3355 1814 3430 adenis

406 3477 619 3574 auxiliapar
643 3481 861 3576 exemplum,
882 3480 966 3554 dnm
991 3501 1039 3552 ex
1060 3478 1347 3575 improbabilibus
1368 3487 1571 3573 argumenta
1592 3479 1761 3572 conjicitis
1778 3490 1814 3553 at

405 3599 455 3673 ad
480 3610 591 3676 certas
616 3601 782 3678 reducitis
807 3603 1031 3697 conjecturas.
1059 3603 1116 3676 Sic
1133 3603 1261 3676 etenim
1275 3623 1345 3697 que
1368 3623 1429 3698 per
1445 3603 1608 3676 officiales
1631 3612 1667 3676 et
1693 3602 1813 3678 fideles

406 3734 542 3800 nostros
557 3725 593 3800 in
620 3748 728 3822 regno
752 3727 866 3801 Sicilie
884 3728 983 3800 nobis
1001 3727 1203 3800 absentibus
1227 3735 1378 3822 aguntur
1402 3725 1599 3815 interdum,
1626 3726 1673 3800 ad
1695 3737 1811 3802 notam

406 3849 517 3922 nostri
538 3850 686 3924 nominis
703 3851 890 3944 revocatis,
915 3851 1004 3924 acsi
1025 3851 1061 3922 in
1086 3873 1231 3946 regnum
1253 3850 1479 3924 aTbcutonia
1502 3852 1610 3924 oculis
1628 3852 1757 3947 lynceis
1778 3862 1814 3924 et

406 3994 495 4048 voce
520 3975 660 4050 tonitrui
682 3977 773 4050 clare
794 3975 988 4072 prospicere
1003 3997 1181 4071 possemus
1208 3985 1243 4048 et
1258 3975 1425 4071 prospici,
1448 3975 1571 4048 audire
1592 3976 1762 4049 subtiliter
1778 3986 1813 4051 et

407 4096 535 4170 audiri.
559 4099 615 4172 Sic
632 4121 701 4194 que
716 4098 815 4173 vobis
830 4100 950 4194 lingua
967 4098 1138 4172 mendacii
1154 4099 1309 4194 suggerit
1325 4097 1560 4172 indubitanter
1582 4100 1749 4192 asseritis,
1770 4121 1813 4172 ac

406 4219 436 4292 si
456 4231 674 4296 monstrasset
691 4222 756 4297 bec
781 4224 904 4296 oculus
920 4222 1085 4312 veritatis,
1106 4221 1269 4296 viduatas
1285 4221 1494 4316 privilegiis,
1513 4219 1692 4295 destitutas
1712 4223 1813 4296 bonis

405 4345 583 4439 ecclesias,
602 4368 764 4442 personas
781 4347 1029 4421 ecclesiasticas
1047 4347 1249 4441 captivatas,
1269 4346 1375 4418 vetito
1393 4346 1467 4417 loro
1482 4347 1690 4440 compulsas,
1711 4348 1814 4422 talliis

406 4479 441 4542 et
475 4473 712 4546 exactionibus
736 4472 893 4546 subditas
917 4471 1122 4564 denotastis,
1154 4480 1189 4544 et
1212 4491 1283 4565 quo
1305 4471 1528 4543 vulneramur
1554 4471 1729 4565 acerbius,
1751 4493 1814 4546 ec-

407 4593 528 4666 clesias
557 4595 685 4669 viduas
722 4596 926 4670 adulterinis
958 4595 1175 4692 amplexibus
1202 4617 1265 4690 per
1296 4615 1360 4666 nos
1384 4594 1562 4688 illaqueari
1597 4596 1812 4691 compulsas,

406 4717 606 4793 carumdem
643 4721 857 4794 minosarum
888 4719 1014 4794 rudera
1048 4719 1094 4793 ad
1113 4716 1257 4816 prolana
1278 4718 1352 4792 loca
1382 4738 1548 4792 conversa
1573 4717 1767 4794 describitis
1782 4730 1818 4795 et

408 4825 531 4933 pacem
549 4842 638 4914 inter
656 4843 841 4918 Ecclesiam
856 4853 891 4918 et
906 4845 1087 4941 imperium
1103 4843 1223 4916 initam
1240 4841 1415 4916 violatam.
1440 4841 1511 4916 Hec
1529 4842 1766 4916 universaliter
1785 4853 1820 4917 et
