4859 6359
457 790 556 849 lrntcr.
573 788 621 864 8.]
908 781 1104 842 tltslotttrt
1127 777 1418 841 otrtottltttce.
1806 769 1867 832 'tte

457 937 492 998 et
508 925 662 1018 legaliter
678 944 717 994 se
732 919 873 993 habebit
886 919 924 991 in
941 918 1071 1009 officio,
1092 919 1178 990 nihil
1192 919 1382 1014 scripturus
1397 923 1432 988 et
1448 915 1601 985 tacturus
1623 919 1740 982 contre
1754 909 1815 1000 jos
1831 917 1866 980 et

457 1048 613 1122 debitum
628 1044 819 1120 secundom
836 1042 1079 1116 conscientiam
1093 1043 1184 1116 bone
1196 1039 1294 1126 lidci,
1304 1039 1399 1112 omni
1416 1038 1497 1111 dolo
1512 1044 1547 1108 et
1564 1032 1687 1106 fraude
1695 1038 1861 1104 cessante

502 1170 559 1244 Ad
580 1169 778 1264 generalem
792 1173 920 1240 etatum
943 1174 979 1238 et
1004 1165 1285 1260 tranquillitatem
1307 1161 1445 1257 imperii
1474 1158 1565 1232 edite
1591 1167 1625 1231 ot
1651 1154 1864 1251 promulgate

455 1302 537 1367 eunt
552 1294 620 1366 hee
640 1290 902 1364 constitutiones
920 1288 968 1362 de
982 1289 1126 1364 consilio
1145 1297 1181 1361 et
1195 1307 1339 1360 assensn
1353 1284 1547 1380 principum
1564 1290 1633 1355 tam
1654 1276 1865 1353 ecclesiasti-

455 1439 574 1490 corum
588 1439 695 1512 qnam
707 1415 913 1488 secularium
927 1435 1062 1488 necnon
1080 1413 1307 1508 plurimorum
1321 1409 1489 1482 nobilium
1498 1415 1533 1480 et
1546 1404 1691 1478 aliorum
1709 1401 1864 1474 fidelium

455 1540 607 1636 imperii,
636 1538 674 1608 in
693 1537 875 1630 sollempni
890 1537 986 1609 curia
1002 1535 1175 1608 celebrata
1184 1532 1385 1627 Magonem,
1411 1550 1503 1604 anno
1525 1526 1769 1600 incarnationis
1785 1525 1864 1597 Do·

456 1660 540 1733 mini
552 1659 785 1750 dccxxxv,
803 1679 922 1732 mense
938 1657 1095 1753 augusti,
1115 1653 1305 1729 indictione
1318 1655 1410 1742 Vlll,
1428 1653 1617 1748 imperante
1634 1649 1774 1724 domino
1790 1648 1863 1720 Fri·

457 1785 572 1858 derico
593 1782 761 1875 secundo,
787 1781 850 1855 Dei
870 1782 981 1876 gratia
1004 1780 1229 1854 invictissimo
1250 1780 1481 1852 Romanorum
1506 1776 1709 1872 imperatore
1728 1795 1864 1870 semper

456 1917 616 1999 augusto,
631 1906 819 1978 Jerusalem
835 1915 870 1978 et
882 1905 997 1978 Sicilie
1010 1923 1104 1996 rege,
1123 1925 1215 1976 anno
1232 1903 1368 1997 imperii
1380 1902 1456 1994 ejus
1467 1900 1546 1990 XV,
1566 1901 1662 1994 regni
1679 1899 1862 1972 Ierusalem

456 2035 503 2123 X,
524 2030 719 2124 regnivero
731 2029 847 2103 Sicilie
857 2028 1031 2116 xxxvn,
1051 2026 1206 2100 feliciter.
1224 2027 1346 2100 Amen.

505 2655 741 2761 Fridericus,
760 2653 1022 2739 Romanorum
1047 2655 1269 2763 imperator,
1288 2656 1338 2738 ad
1368 2680 1498 2764 preces
1525 2656 1684 2742 Waltori
1710 2657 1859 2740 obbatis
1926 2701 1989 2794 m:
2002 2755 2036 2786 m

457 2786 581 2870 Sancti
604 2786 766 2894 Gisleni,
782 2787 916 2870 inserit
935 2797 973 2870 et
994 2788 1213 2871 renovando
1234 2787 1436 2870 confirmat
1456 2785 1697 2897 privilegium
1716 2799 1858 2897 epatre
1927 2808 1955 2838 ⁸⁰
1971 2775 2048 2842 “es

456 2943 523 3003 sno
543 2919 705 3002 Henrioo
728 2919 955 3028 imperatore
976 2945 1078 3003 anno
1106 2922 1230 3026 1191,
1263 2921 1310 3000 17
1336 2917 1458 3026 junii,
1487 2920 1609 3002 eidem
1627 2925 1857 3008 monasterio

454 3075 686 3135 concessum.

532 3266 640 3346 (Edld.
654 3267 796 3341 huon,
813 3263 927 3328 aena.
950 3264 986 3326 de
999 3263 1084 3330 tato.
1101 3264 1137 3328 de
1149 3269 1182 3328 S.
1203 3264 1350 3343 Gladio,
1361 3283 1410 3345 ep.
1433 3269 1662 3342 Burrenum,
1677 3270 1859 3333 Menoeceu

567 3389 728 3454 mean.
742 3369 866 3435 attat.
880 3371 930 3435 der
941 3391 1023 3454 pron
1037 3371 1226 3450 dcllmmet,
1238 3379 1309 3448 etc,
1324 3379 1348 3435 t.
1363 3374 1447 3446 vm,
1460 3391 1490 3453 p.
1507 3383 1581 3450 ⁴293
1597 3376 1664 3440 coll.
1678 3393 1747 3438 cum
1761 3381 1858 3456 ortgl-

571 3483 636 3572 nell
654 3483 686 3542 ln
709 3481 830 3544 archivo
850 3481 1045 3544 Bruxellensl.
1069 3481 1288 3556 Bollunvilla,
1312 3480 1441 3558 pendent
1457 3486 1573 3542 tentum
1592 3480 1643 3542 tlla
1665 3485 1756 3544 serica
1777 3484 1859 3546 rubrl

570 3585 699 3666 coloris.)

499 3775 540 3844 ln
557 3771 1061 3846 nominasencteetindividnc
1071 3771 1257 3844 Trinitatis.
1275 3769 1489 3861 Fredericus,
1505 3772 1626 3846 divina
1638 3774 1776 3848 favente
1789 3777 1859 3849 cle·

433 3896 580 3970 mentia
594 3895 827 3969 Romanorum
843 3897 1028 3990 imperator
1044 3917 1179 3991 semper
1193 3904 1375 3990 augustus,
1395 3895 1582 3968 Jerusalem
1594 3905 1630 3970 et
1646 3898 1761 3974 Sicilie
1777 3921 1855 3973 rex.

430 4015 641 4114 Imperialis
656 4019 843 4092 eminentia
858 4027 943 4091 tunc
953 4019 1119 4114 precipue
1129 4019 1185 4092 sui
1200 4015 1351 4092 nominis
1363 4019 1482 4092 titulos
1492 4019 1633 4114 ampliat
1644 4042 1724 4093 cum
1739 4021 1859 4096 divino

428 4140 588 4233 pietatis
598 4142 726 4214 intuitu
745 4164 807 4238 per
821 4163 926 4236 quem
940 4153 1053 4236 preest
1066 4144 1280 4238 principibus
1295 4143 1388 4216 orbis
1403 4153 1511 4228 terre,
1532 4144 1608 4220 loca
1623 4146 1782 4239 religiosa
1799 4148 1858 4241 pia

426 4265 576 4339 mentis
592 4265 775 4340 allectione
785 4274 903 4340 tuetur
913 4287 956 4338 ec
967 4267 1115 4362 protegit
1128 4277 1163 4339 et
1176 4267 1410 4340 favorabiliter
1423 4289 1542 4340 eorum
1548 4271 1661 4360 justas
1679 4270 1859 4364 petitiones

424 4389 613 4464 admittit.
636 4392 824 4488 Eapropter
840 4391 1016 4465 universis
1029 4391 1165 4487 imperii
1183 4389 1345 4464 fidelibus
1361 4400 1429 4462 torn
1443 4389 1659 4485 presentibus
1677 4414 1781 4486 quam
1800 4395 1857 4465 lu-

424 4514 539 4587 toris
553 4514 717 4588 volumus
733 4534 812 4588 esee
832 4524 952 4587 notum
967 4515 1064 4609 quod
1079 4516 1284 4590 constitutus
1302 4514 1339 4585 in
1359 4514 1531 4610 presentia
1552 4523 1670 4587 nostra
1686 4515 1857 4588 Walterue

426 4639 773 4712 venerabilitatem
786 4638 985 4712 monasterii
998 4639 1115 4710 Sancti
1127 4638 1270 4731 Gisleni,
1287 4638 1400 4713 tidelis
1413 4645 1539 4730 noster,
1555 4635 1734 4731 quoddam
1747 4639 1856 4733 privi-

432 4757 596 4855 legium,
610 4762 694 4834 olim
708 4761 882 4835 indultum
897 4760 1103 4835 monasterio
1119 4782 1185 4833 sno
1197 4763 1244 4834 ab
1256 4762 1404 4834 ilenrico
1419 4771 1516 4857 patre
1533 4769 1650 4835 nostro
1666 4762 1782 4836 inclite
1797 4783 1858 4835 re·

432 4885 660 4960 cordationis
671 4895 833 4983 augusto,
851 4895 965 4961 nostre
975 4885 1170 4960 celsitudini
1184 4887 1409 4981 presentavit,
1429 4885 1808 4983 humilitcrsupplicane
1820 4895 1859 4960 ut
