4859 6359
577 782 638 845 998
1039 778 1168 839 INDEX
1190 778 1540 840 nocuusutouuit.

593 985 709 1063 luet

580 1090 719 1177 Men.
753 1110 932 1187 Wlmplnne.
965 1138 1007 1153 -
1024 1108 1069 1169 116
1081 1108 1264 1185 plenitudine
1276 1110 1391 1171 consilli
1404 1110 1462 1180 661,
1474 1110 1638 1184 praeposito
1651 1114 1682 1169 et
1693 1110 1852 1169 conventui
1861 1108 1898 1169 66
1909 1108 1995 1171 6661-

1005 1204 1080 1284 berg
1092 1222 1229 1267 mensum
1243 1222 1338 1267 unum
1351 1205 1431 1283 6666
1444 1204 1618 1279 lleilbronn,
1630 1205 1669 1266 66
1679 1222 1741 1282 quo
1753 1208 1906 1266 unnuetim
1915 1222 1993 1267 mer·

1006 1318 1177 1363 66666666
1186 1304 1246 1365 sibi
1259 1303 1380 1363 reddere
1392 1301 1539 1375 solebant,
1551 1300 1674 1363 eonlert.
1936 1311 1995 1364 664

584 1412 621 1466 16
638 1405 719 1465 meli.
742 1397 947 1485 [Wlmplnue]
969 1430 1008 1443 -
1026 1401 1138 1461 Notum
1155 1400 1228 1463 iuuit
1244 1400 1325 1477 quod
1346 1398 1506 1475 injudicio
1525 1414 1625 1459 eorum
1638 1416 1670 1459 66
1682 1400 1778 1461 1161116
1795 1398 1895 1459 bnblto
1908 1416 1997 1477 super

1006 1499 1207 1558 eontroverslu
1220 1513 1297 1574 quse
1313 1498 1391 1557 inter
1407 1496 1445 1557 (i.
1461 1498 1599 1557 66611166
1612 1496 1650 1557 66
1662 1498 1864 1559 Loevenstun
1877 1503 1908 1557 et
1924 1512 1997 1557 eon-

1007 1598 1131 1655 ventum
1153 1594 1191 1655 66
1219 1594 1389 1672 1666616666
1415 1592 1585 1655 vertebatur
1607 1592 1645 1654 de
1671 1592 1826 1655 novemur
1846 1594 1997 1655 6666616

1008 1690 1242 1763 (1666666666,
1264 1694 1410 1753 66666666
1422 1690 1480 1751 luit
1496 1697 1533 1752 nt
1543 1693 1644 1751 comiti
1656 1708 1745 1768 super
1756 1690 1889 1753 indebito
1905 1692 1997 1769 impe·

1009 1789 1115 1849 titione
1126 1788 1277 1849 silentium
1290 1790 1500 1865 imponeretur.
1940 1796 1997 1849 666

585 1898 624 1951 io
640 1889 720 1949 muli.
803 1886 893 1965 Apud
971 1914 1012 1929 -·
1030 1884 1194 1962 Burgrevio
1211 1885 1250 1946 de
1263 1884 1425 1963 Friedberg
1437 1890 1468 1945 et
1480 1885 1613 1946 scultetis
1625 1886 1657 1945 in
1670 1883 1866 1957 Freneliinrt,
1880 1884 2000 1945 Wezisr

751 1984 941 2065 Wirneburg.
1012 1988 1044 2043 et
1060 1982 1249 2044 Geinbuusen
1268 1991 1372 2043 notum
1390 1982 1509 2043 1661166
1522 1982 1598 2043 velle
1609 1988 1645 2043 ut
1660 1981 1699 2043 eb
1711 1982 1833 2042 66616616
1850 1980 1888 2040 66
1904 1981 2000 2042 6666-

1014 2078 1092 2157 burg
1113 2079 1152 2139 66
1173 2078 1260 2139 bonis
1281 2080 1395 2154 clusin
1418 2094 1608 2156 quocumque
1622 2094 1677 2139 suo
1692 2078 1800 2155 oppido
1819 2079 2000 2149 constitutis,

1014 2176 1097 2235 nulle
1108 2178 1240 2252 66666616
1251 2176 1299 2237 vel
1312 2177 1427 2236 emutio
1440 2177 1613 2253 requiretur.
1943 2184 2001 2236 666

596 2276 715 2355 sinnii.
803 2273 897 2352 Apud
975 2304 1015 2317 -
1035 2272 1189 2333 Advocato
1206 2278 1238 2333 et
1256 2272 1451 2350 burgensibus
1471 2271 1509 2331 de
1526 2272 1641 2349 Turego
1658 2270 1780 2331 mundet
1796 2276 1830 2331 ut
1852 2276 2001 2331 moneste-

753 2373 945 2453 Nuremberg.
1014 2369 1092 2428 61666
1105 2368 1144 2428 66
1155 2369 1265 2445 666661
1278 2384 1332 2445 pro
1351 2367 1439 2428 domo
1455 2366 1588 2445 ejusdem
1608 2366 1688 2444 6666
1705 2366 1856 2444 Turegurn
1868 2366 2002 2427 libertate

1014 2464 1074 2523 irui
1086 2467 1259 2541 permittunt
1271 2480 1367 2542 neque
1384 2466 1418 2523 ln
1437 2470 1535 2525 steuru
1547 2480 1639 2543 quem
1657 2464 1761 2523 elvltes
1778 2466 1840 2541 regi
1858 2469 2003 2539 praestare

1014 2560 1113 2632 debet,
1128 2561 1206 2621 idern
1221 2560 1352 2621 conterre
1365 2566 1483 2639 cogunt.
1944 2568 2002 2620 666

603 2663 717 2741 416611.
806 2663 896 2741 Apud
975 2690 1015 2702 —
1034 2657 1084 2717 Ad
1098 2660 1320 2735 requisitionem
1339 2656 1455 2719 666666
1467 2657 1505 2717 66
1519 2656 1642 2735 1166661,
1660 2654 1825 2717 abbatissae
1837 2654 1875 2716 de
1887 2656 2004 2734 Turego

753 2758 947 2837 Nurernberg.
1014 2755 1138 2815 mundet
1150 2761 1185 2816 nt
1202 2755 1299 2817 eidem
1317 2754 1419 2816 cbbntl
1433 2754 1633 2816 molendinum
1651 2754 1731 2833 6666
1749 2752 1918 2831 1166666661
1935 2768 2004 2815 cum

1014 2850 1192 2929 quibusdem
1204 2854 1292 2912 terris
1309 2851 1511 2929 ediscentibus
1524 2850 1581 2911 mb
1600 2850 1731 2929 quodem
1749 2856 1829 2911 certo
1855 2856 1886 2911 et
1904 2866 2005 2910 ennuo

1015 2950 1336 3025 eensulnperpetnum
1350 2948 1515 3025 mbnquero
1526 2946 1642 3009 debent.
1946 2954 2004 3007 666

594 3051 728 3132 ieiunii.
811 3046 901 3125 Apud
976 3078 1017 3089 —
1036 3044 1249 3105 Monesterium
1271 3044 1310 3105 66
1331 3044 1416 3107 116116
1439 3044 1564 3105 Sanctum
1585 3044 1687 3105 Crucis
1708 3044 1825 3104 6661166
1848 3040 2006 3104 16666166

757 3144 948 3223 Nurlmberg.
1016 3140 1073 3203 sub
1095 3156 1151 3201 666
1167 3142 1287 3218 66661611
1306 3142 1487 3219 protectione
1506 3142 1626 3219 recipit,
1649 3156 1711 3202 uns
1730 3156 1798 3201 cum
1818 3141 1930 3201 nuntiis
1952 3156 2006 3217 pro

1016 3238 1241 3299 necessitutibus
1263 3238 1399 3315 eiusdem
1417 3238 1457 3299 66
1473 3238 1654 3317 oolllgendes
1675 3238 1861 3315 elemosynas
1885 3238 2006 3297 mitten·

1015 3334 1074 3395 dis.
1948 3340 2007 3393 659

596 3440 729 3520 ieiunii
811 3434 900 3512 Apud
977 3464 1018 3475 -
1038 3430 1198 3494 Bertboldo
1214 3430 1424 3509 Argentinenst
1439 3432 1578 3509 episeopo
1594 3436 1625 3491 et
1636 3429 1774 3491 66616166
1786 3431 1851 3507 elus
1862 3428 2008 3507 quidquid

762 3533 951 3611 Nurlmberg.
1014 3531 1092 3608 luris
1108 3530 1141 3588 ln
1160 3534 1257 3589 oestro
1271 3528 1309 3588 de
1326 3528 1412 3589 Tbun
1430 3543 1509 3589 novo
1527 3526 1574 3589 vel
1591 3528 1714 3603 nndquo
1730 3528 1793 3603 1666
1811 3542 1866 3587 rex
1885 3525 2007 3597 babuit,

1018 3626 1147 3701 confert,
1165 3629 1370 3705 promittitque
1385 3630 1429 3689 eis
1446 3644 1479 3689 se
1497 3634 1601 3689 66666
1618 3629 1831 3705 impetitionem
1854 3625 2009 3687 6666166-

1019 3725 1443 3802 siumctiemlnludlololore
1456 3724 1659 3787 iuvombllem.
1950 3730 2008 3783 666

597 3837 637 3889 to
647 3826 734 3905 junii.
818 3823 906 3901 Apud
981 3854 1022 3867 -
1042 3822 1172 3884 sculteto
1186 3822 1225 3883 de
1243 3822 1410 3883 Nertbusen
1426 3822 1597 3883 mundetut
1609 3837 1684 3899 quos
1697 3821 1836 3898 repererit
1852 3818 1964 3897 6116616
1972 3816 2010 3877 66

775 3920 949 3999 Altenburg.
1022 3919 1108 3980 bonis
1129 3920 1317 3981 6661666666
1336 3920 1460 3981 8666166
1483 3918 1585 3981 Crucis
1603 3924 1634 3978 et
1651 3916 1753 3977 neruo
1772 3915 1904 3995 Virginis
1925 3920 2011 3975 extre

1022 4032 1124 4077 muros
1135 4018 1265 4077 civitatis
1282 4018 1394 4095 iniuste
1407 4016 1582 4090 detinentes,
1596 4030 1631 4076 66
1643 4015 1781 4075 universe
1793 4014 1946 4074 restituere
1960 4028 2009 4073 eo·

1024 4120 1086 4195 gut,
1098 4121 1156 4175 etc.
1951 4120 2007 4173 661

622 4214 722 4291 [junio
762 4252 969 4275 .......
985 4243 1025 4259 -
1044 4210 2013 4289 6616661661166666666661666666166666666661611616661166-

612 4311 660 4371 vel
670 4308 742 4387 jub]
1024 4308 1132 4369 tbusen
1144 4309 1269 4384 imperio
1282 4308 1403 4369 duxerit
1414 4308 1609 4381 retinendum,
1624 4310 1769 4385 promisso
1779 4307 1918 4368 666166166
1931 4308 2013 4369 1166-

1025 4406 1159 4467 tbusmsl
1170 4408 1349 4482 competent
1361 4411 1504 4480 restauro,
1514 4408 1577 4483 ipse
1587 4408 1619 4465 in
1630 4411 1744 4483 purtem
1758 4402 2015 4466 restuurldouevit

1027 4501 1096 4563 bule
1106 4502 1246 4563 eeclesiae
1255 4505 1307 4581 lus
1320 4508 1491 4579 patronusne
1503 4504 1674 4580 perrechluo
1686 4502 1787 4563 Sancti
1799 4502 1898 4563 Blesil.
1955 4508 2012 4561 stt

619 4601 729 4679 616111.
820 4598 910 4678 Apud
989 4630 1028 4645 -
1047 4598 1261 4677 'lbegenbnrdo
1279 4598 1438 4676 imperialis
1457 4599 1543 4661 66166
1565 4600 1764 4677 protonoturlo
1779 4604 1811 4659 et
1829 4598 2014 4659 vicedomino

782 4694 953 4775 Altenburg.
1028 4695 1275 4774 biugdeburgemi
1308 4696 1443 4774 indulget
1474 4695 1645 4757 iucultetem
1676 4694 1802 4774 eligendi
1836 4694 2014 4755 nuvommm

1028 4808 1118 4871 quem
1139 4792 1267 4852 voluerit
1281 4792 1427 4853 bonorum
1447 4794 1479 4853 ln
1501 4794 1642 4854 (16661616
1660 4808 1785 4870 quorum
1799 4794 1862 4869 lpse
1883 4790 2015 4869 provisor

1028 4888 1328 4967 existitetbennum
1341 4892 1455 4969 6661666
1467 4888 1754 4953 161661666666661.
1957 4894 2014 4947 ott
