4859 6359
638 803 699 867 606
1160 810 1340 871 natator
1364 810 1534 873 sustitit
1861 811 1943 891 [Ata.
1962 813 2051 879 leta.

688 942 748 1025 Η.,
762 940 825 1015 Dei
841 942 953 1037 gretia
969 944 1199 1019 Romanorum
1214 967 1280 1019 rex
1303 956 1339 1020 et
1363 968 1500 1043 semper
1518 956 1706 1041 angustus,
1727 946 1901 1022 univorsis
1917 948 2052 1044 imperii

641 1061 804 1141 fidelibus
821 1064 951 1161 quihus
968 1088 1109 1165 presens
1124 1068 1292 1167 scriptum
1309 1070 1413 1145 fuerit
1426 1069 1623 1144 exhibitum
1646 1071 1686 1143 in
1705 1080 1926 1169 perpetuum.
1945 1074 2054 1169 Regio

638 1190 825 1285 majestatis
843 1190 984 1265 interest
997 1191 1203 1267 devotorum
1220 1202 1257 1269 et
1277 1192 1434 1267 fldelium
1457 1193 1593 1291 imperii
1609 1203 1727 1290 partes
1738 1194 1958 1271 rationabiles
1975 1198 2050 1271 oni·

639 1314 857 1389 madvertere
885 1324 921 1388 ot
938 1336 999 1389 eos
1018 1316 1054 1389 in
1076 1316 1131 1390 his
1149 1338 1197 1391 ex
1217 1316 1322 1390 officii
1346 1316 1464 1391 dehito
1485 1316 1670 1391 liberatiter
1688 1317 1873 1392 exaudire.
1894 1318 1980 1393 Inde
1999 1330 2055 1393 est

639 1436 735 1533 quod
747 1459 811 1535 per
832 1458 974 1534 presens
995 1439 1159 1536 seriptum
1178 1448 1301 1513 notum
1319 1460 1396 1515 csse
1417 1440 1581 1513 volumus
1602 1440 1777 1515 univorsis
1799 1440 1898 1537 qnod
1920 1462 1984 1517 nos
2005 1442 2052 1519 ad

638 1562 836 1657 petitionem
853 1559 1010 1636 fidelium
1023 1572 1218 1638 nostrorum
1233 1564 1364 1638 civium
1382 1573 1417 1638 et
1430 1564 1551 1661 populi
1560 1564 1664 1638 totius
1677 1565 1827 1639 civitatis
1840 1566 2048 1659 Bremensis,

637 1686 802 1761 univorsa
824 1687 961 1761 telonea
979 1694 1014 1761 et
1030 1688 1229 1763 exactiones
1247 1687 1465 1763 omnimodas
1477 1709 1549 1784 qno
1568 1708 1639 1761 non
1652 1710 1701 1762 ox
1717 1686 1837 1763 debito
1857 1698 1894 1763 et
1906 1690 2052 1785 antiquo

636 1811 716 1905 jure
732 1812 945 1905 habeantur,
969 1834 1059 1909 quas
1071 1813 1216 1889 dilectus
1230 1814 1393 1911 princeps
1406 1821 1523 1888 noster
1537 1814 1748 1889 venerahilis
1769 1813 2051 1911 archiepiscopus

638 1936 832 2009 Bremensis
848 1958 911 2032 pro
927 1947 1017 2013 terre
1030 1937 1212 2013 commodo
1224 1939 1376 2035 genmali
1389 1939 1427 2011 in
1440 1960 1505 2013 soa
1517 1938 1648 2013 diocesi
1659 1938 1848 2013 eradicavit
1857 1947 1893 2013 et
1905 1937 2048 2025 delerit,

636 2059 740 2153 juxta
754 2060 850 2155 quod
865 2061 903 2133 in
915 2061 1036 2135 litteris
1049 2062 1122 2137 suis
1135 2061 1282 2161 proinde
1296 2063 1460 2137 coniectis
1471 2064 1609 2161 pionius
1622 2062 1828 2155 continetur,
1844 2060 2052 2135 authoritate

638 2184 734 2279 regia
752 2184 920 2260 delendas
933 2184 1101 2261 duximus
1114 2196 1149 2261 et
1165 2186 1414 2279 medicandam
1434 2185 1674 2261 oondrmantes
1696 2196 1815 2260 tenore
1838 2186 2049 2283 presentium

641 2307 736 2404 quod
750 2310 866 2385 dictus
883 2310 1043 2407 princeps
1055 2318 1170 2384 nostor
1179 2310 1284 2385 duxit
1293 2334 1399 2409 super
1414 2310 1614 2406 hujusmodi
1627 2309 1864 2385 statuendum.
1878 2310 1922 2384 Ut
1932 2320 2049 2382 autem

637 2432 705 2506 hec
720 2442 835 2507 nostra
851 2432 1065 2508 confirmatio
1080 2434 1188 2509 robur
1200 2436 1365 2530 obtineat,
1384 2446 1420 2510 et
1432 2436 1516 2511 dicti
1529 2436 1624 2510 ciues
1639 2434 1747 2510 nostri
1759 2454 1864 2531 super
1876 2432 2050 2529 promissis

637 2556 768 2631 anulis
786 2578 932 2654 persona
947 2558 1071 2632 humili
1088 2560 1147 2633 vel
1169 2560 1239 2634 atta
1263 2562 1396 2657 possint
1414 2558 1541 2634 amodo
1563 2558 1773 2657 perturbari,
1799 2564 1976 2655 presentes
1998 2555 2051 2629 eis

641 2682 802 2757 dedimus
817 2684 948 2759 litteras
964 2684 1078 2781 sigillo
1094 2694 1210 2759 nostre
1222 2684 1437 2762 celsitudinis
1452 2684 1638 2759 roboratas

685 2809 811 2882 Datum
826 2809 924 2907 opud
936 2808 1106 2883 Weselom
1116 2808 1147 2906 (t
1155 2808 1181 2907 ),
1196 2830 1290 2884 anno
1303 2809 1477 2885 dominice
1488 2808 1733 2883 incarnationis
1741 2808 1792 2882 M⁰
1803 2806 1871 2880 CC⁰
1879 2802 2047 2898 xxxiii,

636 2934 696 3008 Vll
714 2933 794 3008 idus
814 2934 947 3025 martii,
967 2931 1157 3010 indictione
1174 2934 1233 3009 vt.

861 3228 1803 3246 'o-—m-o———ae-o-——fflu—

691 3497 897 3605 Esuriens,
925 3497 1186 3581 Romanorum
1204 3520 1291 3603 rex,
1315 3493 1528 3604 paupertati
1544 3492 1724 3577 ecclesiae
1743 3492 1917 3577 Uterinae
1929 3492 2049 3576 Vallis

588 3603 596 3630 ’
638 3630 930 3746 (Eusscrnthal)
949 3630 1201 3741 compatiens,
1222 3652 1345 3739 quum
1366 3625 1474 3709 illam
1491 3626 1542 3710 ad
1559 3626 1689 3709 omnia
1706 3626 1873 3710 caritmis
1894 3636 1933 3711 et
1947 3626 2048 3710 hos-

598 3850 600 3857 .
639 3767 836 3879 pitulitatis
857 3790 973 3875 opere
994 3772 1164 3873 oporteat
1189 3786 1274 3846 esso
1296 3768 1489 3877 paratam,
1518 3756 1715 3845 ecetesiam
1738 3784 1849 3844 suam
1871 3759 1912 3843 in
1937 3758 2050 3843 Aun—

636 3900 764 3989 weiler
782 3924 871 3984 oum
889 3896 1038 3983 vaoohit
1054 3896 1177 3983 eidem
1194 3893 1377 3980 coenobio
1394 3890 1553 3977 confort.

717 4110 820 4194 (adid.
834 4112 1057 4185 wrmrwru«,
1071 4109 1141 4173 Noc.
1157 4104 1460 4189 sumptuosas,
1475 4114 1500 4171 t.
1512 4106 1584 4188 111,
1596 4123 1628 4185 p.
1644 4107 1727 4188 1⁴4.)

685 4304 867 4379 Heinrious
876 4301 1055 4399 septimus,
1071 4298 1193 4373 divina
1205 4298 1346 4371 favente
1358 4294 1537 4370 clementia
1549 4294 1780 4370 Romanorum
1794 4317 1858 4369 rex
1868 4305 1903 4370 ot
1913 4315 2049 4391 semper

638 4438 825 4527 augustus,
846 4424 1019 4501 univorsis
1034 4422 1170 4519 imperii
1187 4418 1350 4495 fidelihus
1366 4420 1496 4517 quihus
1510 4439 1653 4517 presens
1668 4420 1778 4493 littera
1792 4420 1895 4493 suerit
1911 4430 2049 4495 ostensa

642 4555 788 4652 gratiam
804 4574 904 4627 suam
920 4558 956 4625 et
971 4568 1073 4623 omne
1083 4546 1227 4621 honum.
1241 4545 1328 4619 Cum
1336 4552 1469 4620 constet
1483 4542 1583 4617 nohis
1591 4544 1772 4617 ecclesiam
1786 4542 1925 4618 Uterino
1940 4544 2048 4617 Vadis

671 4863 708 4939 (t)
727 4864 813 4921 Locris
826 4856 935 4919 nornine
945 4856 1094 4917 Ohenoesot
1110 4855 1364 4929 herimmannus
1381 4852 1520 4925 Rhenum
1536 4866 1592 4909 non
1602 4848 1696 4925 procul
1707 4864 1724 4908 a
1737 4848 1868 4924 mpordia
1882 4863 1978 4909 vorsus
1988 4863 2046 4906 mo·

633 4964 737 5024 ridiom.
