4859 6359
359 818 457 879 hmcr.
474 815 518 891 5.]
808 804 1004 869 HISTORIA
1028 800 1321 865 uluuottltrtcu.
1709 803 1766 865 581

407 951 554 1045 Signum
571 944 702 1021 domini
716 942 868 1017 Heinrici
882 943 1113 1016 Romanorum
1128 924 1220 1035 regis
1235 936 1462 1011 invictissimi.
1480 936 1769 1036 (lloacprcmmc.)

408 1076 534 1147 Datum
552 1068 648 1167 apud
666 1068 886 1141 Franceniort
910 1066 946 1139 in
967 1064 1135 1159 solempni
1157 1063 1254 1136 curia
1273 1071 1406 1155 nostra,
1429 1083 1535 1154 anno,
1557 1085 1688 1155 mense,
1716 1063 1769 1136 in·

361 1198 513 1273 dictione
531 1192 730 1292 prenotatis.

417 1756 913 1867 Heraclammonem
944 1780 1033 1863 rex,
1062 1754 1408 1839 Wormatiensibus
1437 1756 1583 1839 ciuibus
1615 1756 1774 1839 mandat
1808 1839 1955 1883 em·

366 1918 407 1973 se
433 1916 566 1975 eorum
592 1890 750 1973 consilia
767 1898 805 1972 et
826 1887 1151 1971 confraternitates
1171 1889 1212 1969 in
1234 1898 1429 1999 posterum
1449 1888 1616 1998 auferre,
1637 1891 1686 1972 ad
1708 1916 1773 1975 eos
1852 1903 1867 1936 ⁸

365 2022 519 2105 mittens
537 2021 863 2131 archiepiscopum
879 2019 1229 2131 Moguntinensem,
1241 2020 1289 2102 H.
1306 2020 1565 2103 marchionem
1583 2023 1631 2104 de
1643 2023 1773 2107 Badeo

365 2155 622 2241 et'Gerlacum
639 2155 688 2237 de
704 2152 905 2264 Budingen
927 2161 971 2235 ut
991 2178 1080 2237 cum
1107 2153 1283 2263 episcopo
1305 2154 1576 2238 Wormatiensi
1598 2154 1646 2239 de
1673 2157 1785 2240 statu'

366 2287 526 2370 civitatis
543 2286 720 2370 ordinent
737 2294 775 2369 ct
791 2284 1008 2394 disponant.

446 2501 584 2581 (Edlder.
604 2500 788 2573 Scaeam,
807 2499 882 2560 Hirt.
897 2500 983 2579 epac.
1004 2498 1126 2574 worm,
1140 2516 1171 2577 p.
1190 2508 1263 2570 ato,
1277 2500 1331 2561 sed
1350 2503 1449 2563 minus
1461 2503 1576 2579 inape
1587 2507 1618 2563 et
1635 2508 1776 2583 correcte,

486 2624 556 2669 cum
567 2608 600 2668 td
612 2610 780 2685 tmpcrctorl
798 2606 944 2669 Frtdertcc
958 2605 1110 2667 attnbuat.
1122 2636 1161 2649 -
1174 2606 1334 2679 comm,
1351 2608 1436 2667 ll'oat
1450 2624 1508 2667 rer.
1525 2607 1673 2685 amaa,
1689 2617 1710 2671 t.
1726 2611 1774 2689 11,

486 2731 518 2791 p.
532 2722 603 2788 219,
613 2722 648 2775 n⁰
658 2720 690 2788 ⁵,
704 2730 742 2775 ex
760 2712 836 2773 libro
851 2712 957 2790 copiell
971 2713 1061 2791 cplsc.
1074 2711 1225 2773 Wormat.
1239 2728 1317 2773 saec.
1337 2712 1393 2775 XV
1406 2715 1487 2792 apud
1499 2714 1695 2791 llarmstadt.)

415 2900 614 2993 Halmium,
641 2900 703 2973 Dei
719 2900 830 2994 gratia
856 2900 1084 2971 Romanorum
1106 2921 1170 2972 rex
1190 2909 1226 2971 et
1247 2920 1382 2995 semper
1404 2911 1590 2996 angustus,
1617 2900 1778 2976 fidelibus

367 3026 442 3099 suis
468 3026 640 3097 universis
661 3024 798 3097 civibus
812 3022 1127 3095 Wormaciensibus
1146 3022 1294 3117 gratiam
1315 3045 1413 3095 snam
1443 3034 1478 3097 et
1503 3046 1607 3099 omne
1630 3028 1772 3099 bonum.

367 3150 527 3223 Instructi
541 3149 586 3221 de
602 3148 819 3243 plenitudine
831 3146 964 3219 consilii
978 3148 1104 3237 nostri,
1131 3149 1276 3220 consilia·
1286 3158 1321 3219 et
1340 3150 1635 3224 confraternitates
1650 3174 1720 3247 que
1739 3152 1775 3223 in

368 3274 510 3348 civitate
524 3282 638 3347 vestra
650 3272 831 3366 bucusque
845 3270 1030 3362 habuistis,
1057 3270 1158 3343 vobis
1172 3280 1338 3365 potestate
1357 3272 1453 3364 regia
1470 3274 1675 3365 antennas,
1695 3295 1786 3348 vost

367 3420 437 3493 qua
453 3396 617 3493 deinceps
634 3397 728 3470 atali
752 3392 1003 3470 consuetudine
1018 3416 1151 3468 cessare
1168 3397 1306 3491 penitus
1322 3398 1489 3490 jubemus
1510 3396 1581 3495 (t);
1605 3401 1777 3475 mittentes

367 3523 414 3596 ad
430 3544 495 3595 vos
506 3520 670 3595 dilectum
685 3520 875 3617 principem
888 3529 1042 3592 nostrum
1061 3520 1294 3593 venerabilem
1310 3522 1606 3619 archiepiscopum
1625 3524 1778 3619 Mogun-

325 3650 329 3656 '
367 3647 537 3719 tinansem
554 3654 589 3718 et
602 3643 744 3718 dilectos
760 3642 945 3717 familiares
961 3650 1096 3716 nostros
1115 3644 1158 3715 H.
1179 3644 1413 3717 marchionem
1439 3645 1484 3718 de
1505 3644 1623 3719 Baden
1639 3656 1674 3720 et
1694 3650 1779 3721 Ger-

368 3770 484 3843 lacum
499 3767 544 3843 de
559 3766 760 3863 bertingen,
783 3775 823 3839 ot
840 3788 920 3839 cum
937 3766 1099 3861 episcopo
1113 3764 1354 3839 Wormatiensi
1376 3768 1584 3842 consedeant
1600 3780 1635 3844 et
1647 3770 1694 3844 ad
1708 3773 1779 3844 bo-

1427 3950 1781 3965 --—-—-—--—---—-——-

407 4048 443 4123 (tl
462 4048 523 4106 Non
534 4046 679 4106 concordat
690 4046 897 4104 instrumentum
910 4060 973 4103 cum
986 4046 1124 4121 privilegio
1139 4045 1226 4119 pridie
1239 4045 1313 4118 dato,
1327 4049 1400 4123 qnod
1412 4050 1553 4108 consiliarii
1563 4058 1592 4109 et
1606 4052 1680 4111 cives
1693 4054 1778 4111 Wor·

372 4145 473 4203 mucias
485 4144 513 4203 in
526 4143 621 4203 litteris
631 4142 683 4201 boc
696 4143 756 4217 ipso
769 4148 890 4218 tempore
901 4148 994 4201 contra
1007 4142 1151 4200 llenncum
1166 4142 1321 4218 episcopum
1334 4144 1438 4204 diducis
1452 4147 1500 4220 (ct.
1514 4150 1659 4218 bamur,
1670 4150 1776 4219 Fontes,

372 4240 409 4313 ll,
426 4242 497 4314 aaa)
520 4241 557 4297 ita
575 4239 742 4298 laudabant:
760 4260 773 4293 r
790 4240 961 4314 Privilagium
983 4240 1118 4313 quoddam
1136 4240 1206 4315 apud
1224 4240 1361 4297 dominum
1381 4242 1566 4315 imperatorem
1590 4243 1706 4301 obtinuit
1729 4261 1780 4320 per

373 4340 442 4412 quod
454 4338 543 4397 omnia
556 4338 616 4411 jura
629 4342 720 4396 nostra
733 4336 849 4395 civitatis
859 4338 968 4410 antiqua
978 4342 1006 4393 et
1016 4337 1154 4412 privilegia
1168 4336 1203 4394 ab
1219 4337 1443 4412 imperatoribus,
1457 4340 1580 4411 regibus,
1595 4341 1778 4414 archiepisco-

373 4437 427 4511 pis,
442 4436 576 4511 episcopis
594 4435 698 4494 sancita
710 4434 804 4491 nititm
817 4432 960 4491 infirmare.
982 4434 1082 4493 Verum
1103 4450 1164 4491 cum
1178 4434 1229 4492 bec
1244 4435 1480 4506 intellexissemus,
1494 4435 1601 4492 dominc
1612 4442 1705 4494 nostm
1720 4436 1778 4511 regi

374 4534 560 4609 conquerendo
575 4532 793 4607 significavimus,
807 4529 854 4604 qui
867 4530 964 4589 litteris
974 4530 1031 4589 suis
1041 4531 1140 4605 apertis
1153 4531 1233 4589 nobis
1246 4532 1354 4589 indulsit
1365 4538 1397 4589 ut
1412 4532 1496 4605 ipsius
1508 4532 1665 4591 auctoritate
1676 4533 1777 4609 injure

374 4639 464 4691 uacuo
475 4630 584 4704 antiquo
597 4629 819 4701 subsisteremus,
833 4629 877 4687 cui
889 4628 1080 4687 consensimus.
1094 4647 1108 4683 ι
1120 4629 1158 4687 lta
1167 4628 1293 4687 mandato
1300 4634 1390 4686 autem
1400 4631 1533 4689 contrario
1541 4646 1595 4704 quc
1603 4631 1779 4705 quadraginta

374 4728 497 4787 consules
513 4728 643 4786 hactenus
665 4726 765 4787 civitati
782 4725 965 4801 praesidentes
984 4724 1188 4797 emerebantur,
1203 4724 1277 4782 nulla
1296 4725 1395 4783 ibidem
1413 4728 1514 4785 mentio
1536 4727 1577 4786 dt.
1598 4728 1675 4787 Unde
1690 4728 1780 4802 conii·

376 4826 499 4883 ciendum
511 4825 615 4882 uidetur
629 4840 722 4900 regem
734 4823 878 4881 Henmcum
893 4838 947 4880 non
958 4838 992 4880 ax
1005 4821 1140 4881 voluntate
1152 4838 1211 4894 sua,
1226 4822 1276 4879 sed
1285 4821 1321 4879 cb
1333 4828 1436 4880 mecum
1444 4830 1572 4899 pate-nac
1581 4823 1778 4899 indignationis,

376 4921 492 4994 generali
506 4921 646 4996 priuilegio
659 4936 710 4981 auc
721 4919 865 4996 specialem
875 4919 1058 4995 exceptionem
1069 4918 1145 4993 qussi
1158 4918 1272 4977 inuitum
1283 4918 1428 4982 addidisse.
