4859 6359
366 777 544 853 iunrcr.10.]
814 772 1009 834 HISTORIA
1034 772 1327 837 DlPLOMATICA.
1715 775 1772 837 911

366 914 488 1009 prohat
509 931 586 984 esse
610 908 792 1001 majorem,
817 930 994 983 assensum
1026 918 1181 982 nostrum
1202 910 1359 1003 eJusdom
1380 909 1551 982 industria
1573 930 1644 983 non
1660 912 1773 982 minus

343 1056 472 1131 ¹quam
499 1033 570 1107 fide
589 1030 759 1105 suadente
780 1033 1007 1127 prestitimus,
1027 1034 1152 1127 inquo
1170 1034 1279 1129 siper
1300 1043 1555 1107 consecrantem
1576 1034 1708 1127 aliquid
1730 1035 1775 1108 de

367 1158 579 1233 solemnibus
592 1164 645 1229 est
659 1156 844 1247 omissum,
866 1156 969 1229 officii
994 1158 1099 1229 vestri
1123 1167 1239 1252 partes
1256 1167 1367 1253 preter
1389 1158 1496 1230 nostri
1507 1158 1594 1250 juris
1612 1158 1774 1231 offensam

365 1294 400 1356 et
424 1283 459 1353 in
480 1279 693 1376 approbante
717 1280 872 1375 poteritis
890 1289 926 1352 et
944 1280 980 1351 in
1005 1282 1196 1375 approbato
1216 1284 1400 1377 complere.
1418 1283 1487 1353 Nos
1514 1281 1607 1353 enim
1633 1282 1722 1353 siout
1739 1284 1775 1353 in

367 1529 467 1601 nohis
493 1528 715 1624 exposcimus
737 1527 951 1616 nomenensi,
977 1527 1027 1599 sio
1052 1529 1156 1599 etiam
1179 1528 1216 1599 in
1239 1528 1474 1623 spiritualibus
1498 1529 1598 1601 vobis
1622 1529 1658 1599 in
1682 1530 1777 1601 nullo

367 1652 549 1749 prepedire
566 1672 706 1747 prorsus
729 1650 941 1723 intendimus
960 1650 1115 1723 debiturn
1142 1652 1346 1747 pontificalis
1364 1653 1466 1725 officii
1486 1663 1520 1724 et
1533 1662 1645 1727 vestre
1665 1654 1775 1748 pleni·

369 1777 524 1851 tudinem
544 1774 733 1871 potestatis.
754 1775 907 1869 Ideoque
921 1776 1100 1848 molestum
1120 1777 1273 1869 gerimus
1297 1786 1332 1849 et
1356 1776 1527 1871 ingratum
1551 1776 1719 1851 habemns
1745 1778 1774 1849 si

365 1924 426 1995 per
455 1900 618 1973 officiales
646 1908 780 1971 nostros
808 1909 924 1970 contra
955 1901 1129 1971 usurarios
1159 1900 1387 1973 ecclesiastice
1413 1899 1596 1995 discipline
1626 1922 1772 1975 censura

240 2066 243 2069 ·
365 2024 541 2097 notissima
558 2023 681 2097 vestris
697 2023 867 2119 episcopis
882 2022 1069 2095 inhibetur.
1085 2024 1128 2095 Et
1143 2044 1342 2116 quanquam
1357 2023 1496 2097 credere
1514 2045 1583 2097 non
1602 2024 1773 2119 possimus

365 2150 458 2243 ipsos
473 2169 546 2220 rem
568 2156 636 2218 tam
660 2155 790 2219 temere
813 2146 1079 2241 presumptionis
1096 2166 1298 2240 aggressos,
1317 2146 1540 2220 nihilominus
1558 2156 1672 2219 tamen
1689 2148 1773 2243 ipsis

366 2294 427 2365 per
441 2270 596 2344 districte
606 2270 772 2362 jussionis
785 2278 900 2343 nostre
921 2271 1122 2364 rescriptum
1144 2271 1356 2365 injungimus
1372 2280 1412 2341 ut
1430 2280 1465 2343 et
1489 2272 1646 2366 preterita
1669 2273 1772 2345 corri-

366 2406 449 2488 gant
465 2405 500 2467 et
514 2396 550 2467 in
568 2403 740 2491 posterum
760 2395 840 2466 talia
858 2413 928 2473 non
950 2403 1163 2489 attemptent.
1183 2396 1253 2467 Nos
1272 2394 1365 2467 enim
1385 2392 1446 2489 qui
1466 2396 1502 2465 in
1520 2396 1685 2469 usurariis
1707 2419 1771 2490 pu-

366 2520 495 2591 blicum
513 2520 643 2591 crimen
661 2518 964 2591 constitutionibus
977 2518 1103 2591 nostris
1116 2540 1192 2591 esse
1204 2518 1422 2592 decrevimus
1435 2540 1631 2609 usurarum,
1649 2542 1773 2613 penam

366 2645 519 2739 ipsorum
537 2651 692 2739 preterea
707 2664 777 2715 uon
791 2643 948 2715 minnere
967 2641 1197 2737 disponimus,
1220 2642 1281 2715 sed
1302 2664 1442 2735 augere,
1462 2652 1578 2737 utpote
1595 2664 1673 2715 oum
1688 2652 1774 2715 tem·

366 2768 492 2862 poralis
514 2789 605 2863 pene
622 2768 829 2862 supplicium
851 2776 968 2839 eterne
986 2767 1207 2858 junxerimus
1229 2766 1363 2839 ultioni.
1390 2767 1543 2839 Verbum
1564 2777 1719 2861 preterea
1737 2768 1773 2839 in

365 2892 563 2965 evidentem
593 2892 837 2966 detractionem
874 2892 981 2964 nostri
1008 2891 1157 2964 nominis
1189 2900 1302 2963 vestre
1339 2891 1531 2985 paternitati
1571 2900 1772 2985 suggestum

365 3016 460 3088 nullo
484 3017 589 3089 modo
613 3016 753 3089 credere
778 3015 964 3107 debuistis,
988 3014 1084 3109 quod
1110 3036 1174 3088 nos
1192 3016 1229 3087 in
1256 3014 1393 3087 tamisa
1418 3014 1517 3087 nobis
1538 3014 1574 3085 in
1599 3036 1707 3107 regnu
1728 3014 1773 3087 de

366 3161 458 3213 novo
475 3141 676 3213 constructis
692 3138 847 3213 edificari
866 3161 974 3211 novas
991 3139 1152 3211 ecclesias
1170 3138 1411 3234 prohibemns3
1430 3160 1510 3210 oum
1526 3137 1618 3210 enim
1633 3138 1772 3213 easdem

366 3285 435 3337 non
453 3264 566 3337 aliene
587 3274 679 3336 secte
694 3264 749 3336 vel
767 3264 854 3357 legis
875 3261 1095 3352 hominibus,
1123 3263 1185 3337 sed
1202 3262 1396 3336 christianis
1418 3260 1602 3334 inhabitari
1620 3270 1770 3333 tuntum·

366 3386 469 3461 medo
483 3388 680 3479 jubeamus,
697 3386 889 3459 necessario
906 3386 1063 3480 sequitur
1082 3386 1179 3480 quod
1202 3386 1366 3459 ecelesias
1384 3384 1420 3455 in
1438 3383 1567 3479 quibus
1584 3384 1646 3457 Dei
1663 3385 1771 3457 nostri

367 3532 492 3583 nomen
510 3510 689 3583 invocetur
709 3519 744 3582 et
765 3509 869 3601 fides,
891 3508 1044 3583 edificari
1066 3509 1228 3581 velimus.
1250 3508 1336 3579 Nam
1359 3517 1394 3580 et
1412 3506 1473 3579 filii
1496 3508 1598 3580 Israe'i
1623 3530 1685 3603 per
1709 3508 1771 3581 de-

366 3644 492 3707 sertum
510 3636 546 3707 in
563 3635 717 3708 tentoriis
734 3634 926 3706 habitantes
938 3634 997 3705 uhi
1017 3632 1144 3705 nullius
1158 3632 1287 3704 fabrice
1304 3631 1526 3705 fundamenta
1542 3633 1769 3725 conjecerant,

367 3760 624 3832 tabernaculum
658 3758 795 3833 Domini
830 3758 927 3830 velut
960 3757 1209 3831 habitationum
1239 3779 1381 3831 suarum
1412 3766 1542 3852 partem
1575 3756 1771 3851 precipuum

367 3892 565 3955 erexerunt.
598 3883 688 3955 tttud
717 3890 955 3955 verumtamen
986 3902 1055 3953 non
1084 3902 1252 3975 negamus
1285 3880 1380 3975 quod
1415 3881 1576 3955 ecclesias
1611 3880 1773 3954 fundatas

366 4006 513 4095 ibidem,
534 4016 698 4102 uuquam
712 4006 749 4078 in
767 4006 842 4079 solo
857 4013 972 4079 nostro
990 4013 1202 4077 constructas
1216 4028 1258 4078 ao
1271 4004 1437 4077 dotatasa
1456 4004 1579 4095 nohis,
1601 4006 1773 4078 collationi

367 4140 481 4203 nostre
506 4131 669 4204 volumus
697 4130 858 4224 exigente
881 4129 1016 4222 justitia
1037 4129 1245 4202 conservari.
1272 4130 1343 4201 Neo
1368 4128 1455 4201 illud
1482 4129 1642 4201 infestum
1670 4128 1772 4201 debet

367 4265 481 4328 vestra
497 4255 684 4353 paternitas
700 4264 861 4351 reputare
877 4254 907 4325 si
926 4275 990 4326 nos
1013 4252 1308 4348 Cephaludensem
1332 4253 1531 4348 episcopum
1555 4254 1655 4344 cujus
1673 4252 1772 4324 vobis

368 4380 578 4473 notissimam
594 4380 767 4452 oredimus
790 4400 866 4452 esse
884 4389 1018 4465 notam,
1045 4387 1078 4450 et
1098 4378 1347 4450 salernitanum
1366 4377 1644 4449 archidiaconum
1667 4398 1771 4469 quem

367 4505 403 4574 in
427 4526 564 4577 recessu
581 4513 696 4577 nostro
715 4504 760 4577 de
774 4524 882 4596 regno
900 4504 997 4575 velut
1018 4501 1192 4575 infidelem
1209 4512 1244 4575 et
1267 4502 1311 4574 de
1329 4500 1519 4573 infidelium
1540 4520 1665 4594 genero
1685 4520 1771 4594 pro-

367 4640 518 4703 creatum
537 4628 603 4726 (a),
624 4614 713 4701 inter
744 4627 862 4703 fideles
891 4637 1024 4701 nostros
1051 4648 1119 4699 non
1147 4628 1365 4723 permisimus
1392 4648 1587 4717 remanere,
1615 4646 1683 4698 non
1714 4625 1775 4695 in-

407 4894 451 4977 (o)
472 4896 562 4959 Deest
574 4898 623 4959 btc
637 4898 762 4960 verbum
772 4896 942 4958 removimus
954 4896 1002 4959 vel
1015 4896 1195 4975 huiusmodi.
