4859 6359
557 767 618 829 946
1102 767 1410 831 ΑὓῦΙΤΑΜΕΝΤΑ.

557 920 640 991 rex,
661 907 696 972 et
713 908 838 973 cetera.
859 900 945 973 Cum
964 900 1010 975 (le
1026 901 1118 973 felici
1141 922 1304 998 processu
1329 912 1448 979 nostro.
1466 900 1592 975 devota
1613 902 1688 975 sitis
1702 902 1881 978 affectione
1900 928 1964 979 so-

558 1023 641 1096 liciti
657 1032 692 1096 et
713 1023 762 1096 ad
780 1046 901 1097 eorum
919 1044 988 1118 qne
1009 1024 1101 1097 circa
1123 1046 1186 1097 nos
1203 1035 1355 1118 aguntur
1371 1024 1533 1099 noticiam
1555 1025 1729 1121 aspiretis,
1749 1028 1964 1105 universitati

558 1158 673 1221 vestre
698 1149 914 1243 presentibus
931 1149 1132 1223 intimamus
1148 1149 1210 1246 (c),
1229 1150 1491 1223 occurrentibus
1505 1150 1607 1223 nobis
1622 1150 1777 1245 undique
1792 1154 1964 1251 principi·

557 1272 624 1344 bus
640 1273 765 1345 nostris
778 1274 840 1367 qui
856 1281 954 1345 erant
973 1273 1010 1345 in
1029 1273 1173 1367 regione
1190 1272 1282 1345 Utini
1301 1272 1361 1369 (l),
1380 1282 1451 1345 tam
1468 1273 1552 1370 ipsis
1572 1296 1677 1369 quam
1694 1276 1916 1369 magnatibus
1928 1288 1963 1350 et

556 1396 694 1491 populis
711 1396 860 1469 civitatis
879 1396 1093 1491 presenciam
1117 1406 1268 1469 nostram
1284 1397 1532 1493 recipientibus
1548 1418 1685 1471 summo
1707 1407 1810 1491 voto,
1827 1408 1864 1471 et
1881 1421 1961 1473 cum

556 1517 756 1591 mandatum
773 1529 928 1593 nostmm
945 1541 1007 1616 per
1023 1520 1153 1593 litteras
1174 1529 1307 1593 nocuas
1325 1529 1361 1593 et
1385 1520 1531 1593 nuncios
1552 1530 1746 1595 emanasset
1763 1520 1811 1595 ad
1834 1524 1962 1596 multos

556 1651 594 1713 ut
618 1641 815 1735 abjurantes
832 1644 925 1716 omni
944 1645 1139 1737 juramento
1156 1643 1185 1715 si
1203 1642 1292 1737 qnid
1318 1642 1423 1715 alicui
1448 1644 1613 1736 fenerant,
1637 1644 1738 1717 nobis
1757 1653 1792 1717 et
1817 1646 1961 1741 imperio

554 1766 748 1861 specialiter
780 1766 954 1841 fidelitatis
978 1769 1175 1861 juramenta
1202 1776 1416 1863 prestarent,
1444 1776 1515 1841 tam
1550 1768 1599 1839 illi
1628 1768 1690 1863 qui
1710 1769 1799 1861 jussi
1826 1768 1959 1843 fuerant

554 1911 659 1983 quam
683 1892 787 1963 ceteri
812 1890 858 1965 ad
880 1912 969 1985 quos
990 1899 1136 1963 eventus
1158 1890 1266 1962 nostri
1287 1891 1379 1963 lama
1401 1892 1577 1987 pervenit,
1600 1892 1674 1965 zelo
1702 1889 1877 1965 fidelitatis
1898 1913 1960 1963 ae-

555 2013 668 2103 oensi,
690 2012 855 2105 abjuratis
876 2014 1087 2109 quibuslibet
1097 2014 1317 2107 juramentis,
1334 2022 1459 2087 statuta
1476 2034 1621 2109 persona
1642 2035 1704 2109 pru
1728 2024 1826 2110 parts
1845 2024 1960 2089 nostra

554 2137 591 2207 in
617 2137 809 2231 receptione
835 2135 881 2232 (c)
904 2139 1197 2230 juramentorum,
1218 2138 1319 2211 nobis
1340 2147 1376 2211 et
1398 2135 1541 2235 imperio
1566 2139 1787 2234 sollenpniter
1812 2140 1960 2231 jnrave-

553 2270 647 2332 runt.
667 2259 738 2333 Sad
759 2261 821 2332 ubi
846 2262 1067 2355 pervenimus
1085 2262 1341 2357 Ratisponiam,
1365 2262 1594 2336 conveniente
1621 2262 1753 2337 ibidem
1777 2262 1958 2335 nobiscum

554 2383 695 2477 egregia
718 2383 914 2479 principum
937 2384 1116 2475 comitiva,
1141 2384 1314 2458 nobilibus
1340 2394 1375 2459 et
1394 2385 1674 2459 ministerialibus
1691 2382 1744 2480 (d)
1768 2384 1886 2457 multis
1911 2406 1959 2457 ex

553 2506 700 2580 diversis
723 2505 901 2579 Alemanie
926 2507 1084 2602 partibus
1109 2517 1144 2580 et
1168 2507 1214 2580 de
1238 2507 1368 2581 ducatu
1392 2518 1507 2581 nostro
1525 2508 1655 2581 Suevie
1676 2508 1959 2581 ooncmrentibus

552 2630 599 2703 ad
629 2640 778 2703 nostram
807 2631 1043 2725 presenciam,
1073 2629 1119 2703 de
1148 2632 1394 2725 tranquillitate
1420 2631 1693 2725 circumjacentis
1714 2629 1758 2727 (e)
1783 2632 1960 2728 provincie

549 2754 652 2851 plene
672 2754 910 2845 tractavimus,
929 2755 1132 2850 recipientes
1149 2754 1199 2827 ibi
1216 2756 1363 2829 nuncios
1379 2754 1425 2827 de
1446 2776 1609 2851 prospero
1627 2763 1718 2827 statu
1739 2755 1854 2827 future
1870 2776 1960 2827 oon-

550 2878 651 2949 sortis
672 2888 804 2969 nostre,
828 2878 954 2951 sarona
970 2878 1111 2950 illustris
1128 2879 1222 2973 regis
1239 2878 1448 2973 Anglornm,
1465 2898 1536 2973 que
1551 2886 1628 2971 post
1654 2898 1833 2950 aceessum
1856 2898 1958 2949 suum

548 3001 586 3073 in
603 3000 816 3074 Alemaniam
842 3022 1064 3097 quocumque
1082 3002 1242 3075 transivit
1260 3000 1354 3075 omni
1376 2999 1636 3073 honorificentia
1655 2999 1869 3095 principum,
1889 3020 1958 3072 no-

548 3124 669 3195 bilium
686 3120 747 3221 [et]
764 3125 973 3220 populorum
994 3124 1185 3198 devocione
1199 3124 1384 3217 magnifice
1402 3124 1569 3198 duximus
1587 3120 1845 3219 procedendum
1866 3122 1954 3215 (sic),

547 3256 650 3341 prout
670 3248 757 3332 tanti
773 3247 901 3321 federis
921 3249 1031 3342 exigit
1050 3249 1266 3343 magnitudo.
1293 3250 1450 3322 Preterea
1470 3247 1554 3342 quia
1570 3267 1634 3318 rex
1652 3244 1744 3318 filius
1761 3254 1889 3336 noster,
1905 3264 1959 3317 re·

548 3370 753 3444 cedentibus
771 3373 934 3445 omnibus
957 3372 1003 3445 ab
1029 3392 1072 3445 eo
1095 3383 1175 3467 post
1198 3374 1389 3447 adventum
1413 3380 1567 3443 noarum
1589 3390 1679 3463 quos
1705 3368 1833 3441 invitos
1852 3366 1899 3440 ad
1920 3388 1958 3440 sa

548 3505 711 3587 traxerat,
733 3494 779 3568 de
795 3496 944 3589 singulis
959 3494 1173 3587 dubitando,
1201 3497 1353 3569 incertus
1371 3503 1489 3567 utrum
1507 3491 1554 3567 ad
1572 3490 1680 3588 pedes
1702 3500 1836 3565 nostros
1852 3510 1958 3563 acce-

548 3620 645 3695 deret
659 3628 775 3693 utrum
789 3618 886 3715 quod
895 3627 1065 3714 oporteret
1074 3640 1156 3693 eum
1171 3620 1208 3692 iu
1222 3620 1339 3713 aliquo
1355 3626 1466 3693 castro
1478 3616 1600 3713 recipi,
1614 3638 1694 3689 cum
1710 3616 1756 3689 de
1769 3616 1843 3710 (sie)
1857 3612 1957 3708 quasi

549 3743 594 3817 de
615 3744 725 3839 gratia
750 3754 865 3827 nostra
892 3744 1050 3818 defidens
1073 3764 1112 3817 se
1128 3766 1209 3817 oum
1227 3744 1302 3817 suis
1326 3743 1362 3815 iu
1385 3750 1495 3815 castro
1513 3740 1661 3813 Trevelli
1682 3746 1857 3833 receptare
1876 3756 1957 3832 pro-

548 3876 710 3963 poneret,
731 3866 870 3940 tandem
889 3867 937 3940 ad
953 3888 1013 3940 cor
1033 3888 1192 3942 reversus
1213 3866 1361 3939 nuncios
1386 3886 1469 3939 euos
1495 3862 1716 3937 venientibus
1741 3862 1842 3935 nubis
1862 3858 1956 3955 apud

548 3991 778 4065 Nuoremberc
794 3990 843 4086 (s)
859 3992 1062 4081 destinavit,
1081 4012 1144 4088 per
1161 4012 1252 4086 quoa
1272 3990 1497 4065 devociouem
1522 4010 1622 4061 suam
1644 3988 1746 4083 plene
1767 3984 1869 4058 nobis
1892 4004 1954 4055 ex-

550 4135 682 4211 ponens
694 4122 729 4187 et
746 4113 996 4208 indulgentiam
1011 4115 1191 4211 postulans
1206 4114 1330 4187 obtulit
1351 4135 1388 4189 se
1410 4122 1568 4211 paratum
1592 4110 1638 4184 ad
1655 4130 1718 4181 nos
1732 4108 1836 4200 juxta
1850 4126 1956 4179 man-

591 4366 634 4448 (α)
654 4366 718 4431 Sub
729 4368 787 4429 boo
799 4368 865 4429 loeo
877 4369 1024 4447 quaedam
1036 4368 1136 4431 amsa
1147 4368 1297 4431 vldeutur.

591 4472 634 4554 (i)
655 4475 691 4537 ln
707 4474 808 4536 oodtoa
818 4474 921 4549 adai,
935 4474 1023 4537 male

594 4580 632 4660 (c)
654 4582 692 4643 ln
702 4580 803 4643 oollae
814 4581 966 4661 recipiant,
981 4582 1117 4659 passim.

592 4686 637 4768 (d)
657 4689 694 4751 ln
705 4688 806 4749 muca
817 4686 1057 4749 miuetroutilus.

595 4793 633 4873 (a)
658 4795 695 4855 ln
707 4794 808 4855 ooffloe
819 4792 1054 4856 emma.

594 4900 643 4981 U)
655 4902 691 4963 ln
703 4901 802 4962 cotilae
814 4898 1011 4962 ambert.
