4859 6359
622 783 683 845 ¹108
1141 790 1312 856 flnttmcl
1336 793 1505 856 snrrtntt
1843 791 1923 870 [Ass.
1942 791 2027 856 1234

624 919 740 993 munis
746 919 931 994 Mediolani
940 925 1093 996 notarius
1108 935 1142 998 et
1154 951 1248 1001 nnnc
1260 931 1372 1002 scriba
1381 927 1573 1004 communis
1579 926 1778 1022 Mediolani,
1793 928 2032 1023 suprascriptis

624 1045 764 1117 interfui
779 1055 813 1116 et
824 1045 1026 1142 subscripsi.

673 1167 748 1261 Ego
770 1169 938 1242 Henrious
959 1170 1004 1243 de
1020 1171 1214 1268 Camenago
1233 1174 1325 1249 filins
1340 1175 1517 1272 quondam
1539 1175 1671 1252 domini
1687 1174 1822 1248 Castelli
1842 1177 1903 1270 qni
1923 1185 1975 1248 sto
1994 1176 2031 1248 in

624 1302 721 1366 curte
734 1292 996 1386 vicecomitum,
1013 1296 1166 1369 notanus
1183 1310 1218 1371 et
1238 1323 1332 1373 nuno
1344 1302 1459 1376 scriba
1470 1300 1662 1376 communis
1675 1299 1878 1392 Mediolani,
1891 1299 2030 1374 interfui

620 1425 657 1490 et
668 1416 867 1514 subscripsi.

671 2027 876 2134 Esuriens,
904 2027 1165 2112 Itomanorum
1191 2054 1279 2136 rex,
1308 2027 1454 2114 civibus
1481 2027 1722 2138 Spirensihns
1749 2029 2028 2138 amplissimum

616 2159 796 2244 Friderioi
813 2160 851 2268 1,
870 2161 919 2242 de
949 2163 1195 2267 ann01182,
1219 2163 1269 2242 ut
1293 2162 1401 2267 maii,
1422 2161 1685 2273 privilegium,
1709 2187 1787 2272 quo
1805 2161 1947 2244 eisdem
1973 2161 2027 2243 li-

616 2292 780 2376 bertates
802 2300 840 2376 et
860 2293 992 2376 omnia
1009 2294 1100 2403 jura
1116 2293 1167 2376 ab
1184 2293 1346 2377 Henrico
1367 2295 1400 2377 V
1423 2320 1602 2378 concessa
1628 2303 1858 2378 renovantur
1880 2305 1917 2377 et
1939 2319 2027 2378 am-

614 2425 798 2535 pliantur,
818 2435 975 2510 renovat
990 2427 1117 2509 denuo
1134 2437 1171 2510 et
1192 2426 1406 2510 confirmat.

698 2637 790 2717 (Edit.
806 2655 855 2716 ap.
869 2637 1000 2699 Menum.
1015 2638 1114 2713 Boio,
1128 2644 1203 2701 tom.
1219 2639 1323 2713 XXX,
1336 2657 1405 2718 pars
1422 2649 1460 2716 1¹,
1475 2658 1507 2718 p.
1524 2649 1598 2717 230,
1612 2649 1645 2702 n⁰
1658 2649 1734 2714 728,
1750 2657 1788 2702 ex
1801 2641 1909 2718 origin.
1923 2641 1955 2700 tn
1971 2657 2026 2701 ar-

735 2745 823 2806 chivo
840 2745 981 2821 Spirensi.
993 2777 1035 2789 -
1045 2745 1237 2824 Privtlegtum
1253 2750 1353 2808 eutem
1372 2747 1542 2808 Friderioil
1559 2753 1643 2808 extat
1661 2747 1740 2824 apud
1757 2747 1928 2821 Lmtnn,
1947 2748 2026 2808 Ton-

733 2869 810 2930 nnn,
833 2851 952 2926 Lumo,
976 2850 1110 2913 Durium
1128 2857 1157 2912 et
1178 2851 1339 2928 emens,
1353 2861 1383 2914 ct
1402 2855 1434 2915 in
1451 2854 1585 2916 Menum.
1603 2855 1700 2928 Boio,
1716 2861 1737 2916 t
1756 2853 1872 2927 XXXI,
1894 2870 1962 2931 pars
1986 2863 2026 2928 1¹,

734 2974 767 3034 p.
782 2955 865 3035 419.)

665 3145 703 3216 ln
718 3143 857 3216 nomine
871 3152 989 3215 sancte
1000 3152 1035 3214 et
1052 3142 1234 3221 individue
1247 3143 1433 3218 Trinitatis.
1450 3145 1633 3218 Heinrions
1646 3147 1813 3241 septimus
1834 3145 1954 3220 divina
1973 3147 2024 3218 ia·

615 3277 721 3340 vente
746 3265 927 3338 clementia
942 3265 1175 3338 Romanorum
1190 3288 1255 3340 rex
1273 3275 1308 3340 et
1319 3289 1456 3364 semper
1474 3279 1655 3364 augustus.
1676 3270 1827 3364 Dignum
1846 3291 2026 3343 censemus

616 3400 652 3464 et
667 3398 935 3463 consentaneum
952 3389 1076 3462 rationi
1093 3398 1131 3460 ut
1148 3390 1273 3486 eisqui
1292 3389 1362 3464 fida
1378 3413 1420 3464 au
1431 3391 1615 3466 devotione
1628 3413 1690 3488 pre
1704 3393 1781 3466 aliis
1793 3413 1831 3466 se
1848 3393 1895 3466 ad
1910 3401 2025 3466 nostra

616 3513 833 3609 beneplacita
848 3511 1018 3584 exhibent
1034 3513 1276 3609 promptiores,
1305 3515 1341 3586 in
1359 3517 1640 3589 renovationibns
1661 3516 1919 3612 privilegiorum
1942 3537 2023 3590 suo·

616 3661 713 3730 rum,
733 3646 768 3711 et
782 3637 818 3709 in
836 3637 914 3709 aliis
926 3637 1026 3730 justis
1045 3639 1206 3732 precibus
1223 3649 1258 3712 et
1274 3639 1454 3714 desideriis
1470 3640 1688 3732 eorumdem,
1709 3662 1771 3736 pre
1784 3641 1907 3714 ceteris
1922 3641 2025 3714 etiam

617 3764 697 3859 plns
713 3761 890 3858 impendat
902 3771 1018 3834 nostra
1037 3763 1201 3834 serenitas
1214 3764 1330 3858 gracie
1349 3773 1384 3836 et
1405 3765 1555 3839 honoris.
1573 3765 1738 3838 Noverint
1753 3765 1858 3860 igitur
1872 3763 2026 3837 universi

620 3897 795 3982 presentes
808 3908 849 3958 ao
862 3886 989 3981 posteri
1002 3885 1099 3979 qnod
1115 3885 1230 3959 dilecti
1249 3885 1368 3960 fideles
1376 3889 1483 3960 nostri
1497 3889 1593 3963 cives
1607 3889 1785 3986 Spirenses
1800 3888 1900 3961 nobis
1912 3885 2025 3960 hnmi-

619 4010 698 4083 liter
720 4011 958 4107 supplicarunt
981 4018 1020 4081 ut
1038 4009 1261 4105 dignaremur
1280 4013 1482 4086 auctoritate
1500 4012 1596 4106 regia
1616 4034 1782 4086 renovare
1803 4011 2025 4108 privilegium

620 4134 741 4233 proavi
760 4134 868 4206 nostri
888 4135 945 4230 pie
963 4134 1125 4208 memorie
1146 4133 1310 4208 Friderici
1333 4135 1510 4229 qnondam
1532 4138 1763 4210 Romanorum
1789 4135 2022 4231 imperatoris;

616 4262 716 4355 cuins
734 4269 831 4333 tenor
845 4258 922 4332 talis
937 4267 990 4331 est
1010 4283 1021 4330 a

668 4387 708 4457 ln
724 4384 864 4458 nomine
879 4391 996 4455 sancte
1010 4391 1044 4455 et
1057 4381 1241 4456 individue
1257 4383 1441 4456 Trinitatis.
1459 4382 1654 4457 Fridericus
1671 4383 1790 4456 divina
1807 4383 1942 4456 favente
1957 4383 2025 4456 cle·

620 4510 749 4582 mentia
772 4507 1003 4580 Romanorum
1028 4507 1212 4602 imperator
1239 4516 1420 4602 augustus.
1450 4509 1609 4602 Maiestas
1636 4508 1822 4602 imperialis
1853 4505 1962 4599 exigit
1992 4515 2027 4579 et

620 4631 804 4707 auotoritas
820 4641 871 4723 ut,
892 4631 981 4704 sieut
995 4654 1060 4705 sna
1085 4633 1174 4706 iacta
1194 4641 1269 4708 rata
1282 4644 1316 4705 et
1332 4635 1534 4707 inconvulsa
1549 4654 1749 4730 permanere
1765 4629 1960 4720 desiderat,
1980 4631 2026 4701 ita

622 4777 764 4829 suornm
789 4764 1042 4829 antecessorum
1071 4767 1168 4849 gesta
1198 4769 1233 4830 et
1262 4757 1443 4853 privilegia
1469 4757 1580 4830 modis
1608 4755 1769 4830 omnibns
1790 4753 1968 4829 confirmet
1990 4761 2026 4826 et

620 4881 825 4975 scriptorum
838 4882 1028 4953 munimine
1042 4881 1250 4954 corroboret.
1273 4880 1356 4954 Inde
1371 4891 1422 4956 est
1438 4880 1535 4976 quod
1555 4901 1618 4954 nos
1631 4879 1850 4978 privilegium
1866 4887 2024 4952 anteces-
