4859 6359
427 803 605 889 lvorcr.10.]
872 802 1067 864 HISTORIA
1091 803 1384 869 ulvtonavlcll.
1772 804 1833 867 915

426 944 559 1035 objecto
582 939 753 1036 principio
769 938 827 1011 vel
844 938 964 1010 saltem
984 938 1163 1035 participio
1188 961 1258 1013 non
1277 964 1393 1017 carere
1414 943 1595 1017 conscribit
1613 942 1686 1041 (l),
1703 942 1834 1035 justitie

427 1087 548 1139 norma
562 1086 632 1137 non
649 1064 805 1157 sequitur
820 1071 854 1135 et
865 1061 1051 1155 justificata
1065 1064 1102 1133 in
1119 1064 1193 1136 suis
1208 1065 1370 1159 operibus
1385 1068 1512 1141 veritas
1529 1066 1727 1141 detestatur.
1747 1066 1832 1139 Cum

427 1192 521 1264 enim
534 1189 581 1263 ad
598 1189 799 1283 exemplum
816 1185 1015 1263 mediatoris
1027 1187 1088 1260 Dei
1104 1198 1139 1259 et
1153 1190 1345 1279 bominum,
1357 1192 1418 1285 qui
1435 1202 1474 1264 ut
1486 1213 1607 1287 paoem
1621 1192 1709 1263 inter
1724 1192 1832 1263 Deum

427 1325 461 1387 et
476 1313 652 1387 hominem
668 1313 881 1404 reformaret,
896 1332 967 1383 666
977 1320 1031 1384 est
1046 1312 1191 1385 formam
1208 1314 1384 1411 suscipere
1402 1316 1610 1410 dedignatus
1625 1315 1831 1407 humanam,

427 1438 595 1510 scissuras
612 1436 783 1509 scismatis
801 1435 847 1508 ad
861 1435 1091 1529 integritatem
1103 1436 1270 1510 reducere
1286 1439 1427 1511 unitatis
1444 1437 1553 1512 Sedes
1570 1437 1765 1535 Apostolica
1780 1448 1836 1511 te-

429 1572 568 1651 neatur,
596 1570 750 1634 nostrum
774 1582 844 1654 qno
871 1562 942 1634 Deo
970 1568 1006 1633 et
1030 1560 1160 1633 bomini
1187 1561 1409 1655 astringimur
1430 1564 1604 1637 servitutis
1626 1562 1777 1636 officium
1801 1562 1836 1634 in

291 1706 293 1709 ⁴
430 1685 633 1761 lombardia
649 1707 712 1781 pro
728 1685 884 1760 sedanda
900 1685 1035 1781 imperii
1050 1694 1085 1758 et
1100 1686 1371 1760 bombardorum
1390 1687 1562 1760 discordia
1579 1688 1743 1783 compulit
1758 1686 1837 1761 des·

433 1810 726 1904 tinarelegatnm,
747 1809 809 1903 qui
831 1816 866 1881 et
882 1808 1089 1883 dissidentes
1109 1808 1155 1882 ad
1178 1807 1355 1906 imperiale
1379 1810 1578 1883 mandatum
1605 1811 1839 1885 reconciliatos

432 1934 610 2007 reduceret
621 1943 660 2007 et·
674 1934 764 2007 iuter
778 1933 923 2029 populos
937 1932 1172 2008 discordantes
1188 1935 1282 2029 pacis
1301 1935 1416 2008 federa
1430 1938 1649 2029 reformaret,
1669 1957 1734 2009 nec
1753 1935 1839 2010 illud

432 2066 587 2131 nostrum
613 2067 683 2130 tam
708 2066 884 2149 sanctum,
905 2068 975 2129 tarn
997 2058 1136 2131 salubre
1159 2058 1270 2153 potuit
1296 2059 1482 2155 impedire,
1503 2060 1566 2133 sed
1590 2059 1705 2157 potins
1721 2059 1842 2133 debuit

432 2180 599 2274 adiuvare
625 2183 835 2277 propositum
861 2180 958 2275 quod
983 2190 1016 2254 te
1040 2182 1077 2253 in
1102 2182 1343 2256 lombardiam
1369 2205 1432 2279 pro
1459 2183 1667 2279 extirpanda
1694 2184 1844 2257 heretica

433 2308 620 2402 pravitate,
637 2306 797 2380 subsidio
813 2308 916 2380 'ferre
932 2308 1057 2380 Sancte
1076 2316 1111 2379 et
1127 2308 1384 2404 recuperatione
1404 2308 1535 2401 jurium
1550 2308 1703 2382 Ecclesia
1716 2330 1758 2383 ac
1772 2308 1843 2381 im-

434 2432 521 2526 perii
539 2452 674 2505 necnon
690 2453 753 2527 pro
770 2432 1010 2505 reformatione
1027 2432 1124 2527 pacis
1142 2433 1375 2526 proclamabas
1395 2455 1470 2507 esse
1488 2442 1686 2507 ventorum.
1709 2434 1795 2506 Nam
1814 2436 1844 2505 si

434 2565 468 2630 te
482 2554 530 2628 ad
546 2555 584 2629 id
602 2556 736 2651 imperii
754 2556 952 2629 reformatio
974 2556 1154 2649 invitavit,
1173 2578 1237 2631 nos
1255 2579 1360 2631 eausa
1376 2558 1509 2654 imperii
1527 2559 1628 2651 cujus
1646 2558 1845 2633 deformatio

436 2682 471 2751 in
494 2680 718 2775 dispendium
733 2681 885 2754 Ecclesia
901 2681 1054 2755 Romane
1074 2680 1265 2773 redundat,
1287 2682 1508 2755 ecclesiarum
1530 2683 1745 2776 utilitasque
1768 2684 1843 2755 lon-

436 2828 519 2899 gum
536 2805 604 2877 sub
618 2806 785 2879 bellorum
798 2806 961 2879 fluctibus
975 2804 1157 2877 dissidium
1173 2806 1302 2901 patitur
1316 2816 1350 2878 et
1368 2806 1560 2879 animarum
1578 2807 1767 2901 periculum
1783 2828 1844 2902 pro

436 2929 564 3023 quibus
580 2928 768 3025 possessori
784 2930 849 3003 oeli
867 2940 902 3003 et
918 2938 1008 3003 terre
1031 2930 1078 3004 ad
1102 2930 1319 3002 ratiocinium
1337 2930 1544 3024 obligamur,
1563 2929 1607 3002 ad
1630 2931 1844 3025 procuranda

438 3053 529 3127 bona
544 3054 727 3128 concordie
743 3054 938 3127 deboornot
955 3054 1077 3129 fortius
1094 3054 1278 3127 excitasse.
1290 3052 1389 3126 Unde
1410 3053 1496 3124 nibil
1511 3052 1555 3125 de
1568 3062 1627 3126 tuo
1641 3054 1720 3146 jore
1739 3077 1844 3127 usur-

437 3200 556 3273 passe,
574 3178 620 3252 de
632 3189 693 3252 too
709 3180 813 3269 nihil,
832 3180 910 3253 licat
930 3179 1139 3253 contrarium
1156 3200 1305 3270 asseras,
1322 3199 1508 3273 occupasse
1525 3178 1637 3251 officio
1655 3178 1840 3272 credimur,

437 3303 468 3375 si
485 3323 549 3375 666
566 3303 776 3399 deonorum
791 3304 934 3378 consilio
956 3313 991 3377 te
1007 3303 1053 3377 ad
1071 3303 1161 3376 idio
1179 3303 1363 3399 principio,
1384 3303 1497 3376 medio
1520 3312 1554 3375 et
1577 3300 1644 3375 fine
1662 3302 1846 3397 procedere

438 3426 528 3499 sicut
542 3427 671 3521 pluries
683 3429 869 3524 promisisti
890 3428 1070 3512 decuerat,
1083 3428 1231 3524 prompti
1247 3436 1400 3501 nostrum
1416 3448 1553 3500 summo
1568 3426 1727 3500 creditori
1743 3428 1848 3500 exol-

440 3572 525 3625 vere
540 3550 696 3625 debitum
711 3552 921 3627 invenimur.
940 3554 1055 3639 Quare
1068 3552 1254 3648 premissa,
1272 3572 1366 3625 more
1383 3550 1523 3623 artificis
1539 3553 1638 3643 cujus
1649 3549 1845 3625 considera·
1909 3582 1913 3591 ⁴

439 3675 524 3748 tioni
541 3697 580 3749 se
597 3676 756 3772 primitus
768 3678 916 3749 offerunt
929 3699 999 3772 que
1014 3677 1135 3750 ultimo
1150 3677 1186 3748 in
1199 3678 1397 3773 operatione
1412 3684 1637 3765 concurrunt,
1650 3674 1847 3768 diligentius

440 3798 666 3892 attendentes,
686 3801 782 3873 illum
797 3811 836 3873 ot
851 3822 914 3897 per
932 3822 1012 3873 enm
1030 3809 1186 3873 nostrum
1201 3800 1420 3895 impleremus
1435 3800 1664 3872 ministerium
1679 3798 1847 3894 elegimus

441 3924 478 3995 16
496 3924 562 3997 bae
576 3936 673 4019 parte
688 3925 901 4018 ministrum,
916 3926 978 4020 qui
998 3934 1033 3998 et
1053 3924 1117 3997 tibi
1138 3934 1172 3996 et
1188 3924 1466 4019 quibuscumque
1481 3922 1758 3996 discordantibus
1775 3924 1848 3997 mi-

442 4049 517 4121 nori
542 4058 658 4144 posset
674 4050 792 4123 baberi
809 4049 943 4123 ratione
964 4058 1161 4143 suspectus,
1184 4068 1255 4143 qno
1280 4048 1355 4139 ejus
1377 4069 1474 4119 mens
1499 4048 1641 4119 terrenis
1666 4045 1848 4121 desideriis

441 4172 597 4245 absoluta
615 4174 689 4246 suis
713 4174 849 4247 actibus
873 4173 1029 4246 fermenti
1048 4173 1163 4244 minus
1184 4172 1354 4266 ingereret
1380 4170 1451 4243 odii
1476 4172 1530 4242 vel
1553 4170 1696 4263 amoris,
1715 4170 1777 4264 qui
1797 4192 1849 4244 se-

440 4295 554 4391 ipsum
570 4306 605 4369 et
621 4318 685 4369 sua
701 4297 899 4391 relinquens
911 4296 948 4368 in
961 4295 1072 4370 divini
1089 4296 1216 4370 amoris
1231 4294 1445 4368 altitudinem
1458 4294 1639 4367 evolasset.
1658 4294 1743 4379 Quis
1756 4294 1848 4367 illios

441 4421 627 4494 sinceritati
645 4442 767 4516 rugam
787 4421 994 4517 suspicionis
1011 4420 1177 4515 objicere,
1196 4418 1276 4514 quis
1303 4418 1396 4491 illius
1420 4418 1602 4514 puritatem
1619 4437 1710 4491 nevo
1727 4416 1844 4512 dupli·

442 4546 554 4617 citatis
568 4546 724 4641 opposito
740 4546 864 4640 poterit
876 4545 1060 4637 offuscare,
1076 4566 1181 4639 quem
1199 4551 1359 4637 suscepta
1372 4541 1592 4637 professionis
1610 4538 1710 4613 beate
1727 4539 1847 4635 religio

480 4750 515 4818 (1)
533 4746 608 4803 lianc
619 4746 788 4820 imperatoris
802 4744 942 4818 epistolam
955 4744 1054 4802 frustra
1068 4743 1282 4817 disquisivimus,
1297 4758 1386 4817 neque
1403 4741 1503 4799 61111161
1514 4740 1595 4800 eliam
1611 4742 1670 4816 ojus
1685 4742 1848 4801 mentionem

445 4844 603 4900 invenimus.
613 4843 641 4901 si
653 4843 714 4917 quis
726 4859 790 4902 vero
804 4844 917 4900 miretur
927 4842 998 4917 quod
1011 4843 1039 4899 in
1052 4841 1163 4915 regestis
1180 4838 1329 4915 papalibus,
1344 4845 1375 4897 ot
1387 4838 1500 4909 solebat,
1510 4838 1670 4913 transcripta
1685 4854 1738 4899 non
1756 4839 1845 4913 fuerit,

445 4941 595 4999 omissionis
607 4956 717 5000 causam
728 4958 761 4999 ex
775 4940 871 4999 acriori
882 4940 993 4999 forsitan
1005 4938 1146 4997 scribentis
1156 4937 1227 5012 stylo
1239 4937 1369 5012 suspicari
1385 4936 1492 5012 poterit.
