4859 6359
609 673 668 734 rro
1105 677 1318 740 rurnunrcr
1342 678 1514 740 sncunnr
1825 676 1905 758 [ιιι.
1924 676 2008 738 raes.

612 807 766 896 incultis,
788 803 878 879 siout
890 829 931 880 en
943 809 1166 898 Justetenere
1181 821 1216 884 et
1234 813 1412 907 possidere
1426 819 1626 902 noscuntur,
1643 811 1695 884 eis
1711 810 1757 884 de
1771 820 1887 884 nosue
1903 809 2012 899 gratia

613 929 864 1004 confirmantes.
878 931 1089 1004 Presentium
1103 933 1208 1028 igitur
1219 945 1337 1009 tenore
1349 935 1556 1010 mandamns
1568 933 1710 1008 tirmiter
1725 934 1920 1008 inhibentes
1930 954 2016 1026 quc·

615 1063 715 1125 tenus
732 1054 849 1124 nullus
870 1053 915 1125 sit
929 1055 991 1148 qui
1009 1055 1136 1128 dictam
1154 1058 1364 1132 abbatissam
1382 1068 1417 1133 et
1434 1066 1656 1149 conventum,
1675 1055 1796 1130 fideles
1811 1064 1957 1146 nostras,
1977 1053 2014 1126 in

616 1177 770 1271 personis
787 1188 821 1249 et
836 1179 1079 1250 monasterium
1095 1179 1131 1250 in
1148 1181 1249 1256 bonis
1267 1183 1353 1276 suis,
1371 1184 1446 1256 loeo
1463 1182 1526 1277 qui
1539 1180 1668 1254 dicitnr
1683 1181 1799 1276 Trupa
1812 1189 1848 1253 et
1861 1180 1937 1252 loon
1953 1177 2015 1272 qui

614 1300 998 1376 diciturWallerbroclre
1009 1303 1187 1398 predictis,
1200 1305 1292 1378 sicut
1306 1306 1468 1403 superius
1483 1314 1764 1401 estexpressum,
1784 1311 1902 1376 conus
1912 1302 2017 1394 hujus

616 1425 834 1519 protectionis
862 1435 896 1498 ct
918 1425 1184 1501 confirmationis
1212 1438 1327 1502 nostre
1351 1438 1505 1503 oennrem
1528 1449 1617 1501 anau
1641 1427 1823 1501 munerario
1844 1424 2018 1499 offendere

616 1549 768 1622 indebite
785 1571 846 1621 seu
865 1550 1043 1624 molestam
1058 1558 1246 1646 presumat.
1266 1551 1369 1637 Quod
1389 1555 1452 1648 qui
1476 1553 1720 1650 presumpserit
1746 1549 2018 1643 indignationem

617 1673 776 1746 culminis
792 1675 900 1746 nostri
925 1695 964 1746 se
990 1675 1123 1747 noverit
1141 1655 1374 1750 incursurum.
1393 1676 1450 1750 Ad
1479 1675 1587 1770 buius
1613 1685 1730 1749 autom
1754 1673 1972 1771 protectionis
1985 1681 2020 1744 et

618 1795 884 1872 confirmationis
899 1807 1013 1870 nostre
1026 1800 1225 1872 memoriam
1240 1810 1276 1872 et
1289 1801 1445 1873 stabilem
1462 1798 1677 1890 firmitatem,
1695 1819 1836 1895 proeens
1854 1796 2021 1892 scriptum

619 1918 714 1992 lieri
701 1921 866 2011 pussimus
880 1922 1066 2014 majestatis
1082 1931 1197 1996 nostre
1213 1923 1327 2018 sigillo
1336 1923 1520 1996 munitum.

667 2044 791 2115 Datum
818 2043 913 2138 apud
935 2045 1163 2138 impensare,
1190 2068 1283 2119 anno
1302 2049 1412 2142 gratie
1425 2047 1474 2120 bl.
1489 2046 1555 2119 CC.
1572 2045 1716 2134 XXXV,
1740 2063 1859 2117 mense
1875 2049 2021 2138 septem·

620 2165 702 2258 bris,
718 2165 905 2240 indictione
920 2167 979 2241 lX.

475 2779 539 2835 aa
675 2749 909 2858 Fridericus,
930 2749 1189 2836 Romanorum
1213 2751 1433 2862 imperator,
1459 2750 1638 2838 abbatem
1664 2752 1792 2836 Sancti
1818 2751 2026 2860 tmperi,

435 2833 574 2942 nm
623 2894 870 2992 conventum,
890 2883 1163 2968 monasterium
1181 2894 1220 2968 et
1235 2885 1364 2970 omnia
1381 2886 1484 2973 bona
1508 2885 1593 2997 ejus
1619 2884 1693 2970 sub
1721 2911 1792 2968 sua
1816 2894 1856 2968 et
1879 2885 2029 2994 imperii

623 3017 852 3126 protectione
868 3017 1011 3126 recipit.

706 3227 832 3307 (lnadlt.
847 3245 885 3288 cx
898 3229 1075 3290 chartulario
1088 3229 1120 3290 S.
1136 3229 1300 3308 Trutpcrtl,
1315 3229 1367 3292 iol.
1383 3238 1434 3304 25,
1448 3231 1479 3290 ln
1494 3229 1614 3291 arcbtvo
1627 3228 1853 3308 Garlsrubcnsl.)

676 3413 895 3502 fredericus,
915 3416 976 3488 Dei
999 3417 1108 3506 gratia
1124 3417 1355 3488 Romanorum
1378 3416 1564 3512 imperator
1577 3435 1715 3512 semper
1737 3421 1927 3507 augustus,
1948 3412 2034 3484 llis-

629 3533 776 3610 ruselem
803 3545 839 3610 et
861 3537 975 3610 Sicilia
999 3559 1076 3611 rex.
1100 3539 1165 3611 Per
1189 3561 1329 3634 presens
1353 3541 1519 3636 scriptum
1544 3549 1664 3612 uotum
1688 3539 1834 3612 iacimus
1861 3537 2033 3609 universis

630 3660 763 3756 imperii
772 3659 934 3734 fidelibus
947 3669 1016 3734 tam
1030 3662 1247 3756 presentibus
1261 3685 1367 3757 quam
1382 3663 1522 3754 futuris,
1533 3662 1630 3758 quod
1645 3660 2033 3757 supplicavitexeellen·

632 3785 679 3858 tie
693 3795 808 3858 nostre
819 3783 1027 3858 venerabilis
1038 3781 1172 3882 [abbas]
1186 3787 1302 3858 Sancti
1314 3788 1485 3883 trutperti
1501 3785 1614 3860 fidelis
1626 3795 1742 3859 noster
1755 3794 1794 3856 ut
1804 3785 1937 3880 ipsum,
1953 3805 2035 3855 con·

633 3915 793 3998 ventum,
813 3906 1057 3980 monasterium
1068 3916 1103 3980 et
1116 3909 1233 3981 omnia
1246 3911 1338 3982 bona
1353 3931 1418 3983 sua
1432 3911 1623 3984 subnostra
1635 3907 1814 4003 etimperii
1826 3906 2036 4002 protectione

636 4031 787 4126 recipcre
803 4031 1037 4124 dignaremur.
1058 4032 1127 4106 Nos
1141 4031 1247 4125 igitur
1257 4035 1318 4127 qui
1330 4033 1507 4128 rdigioses
1520 4053 1685 4128 personas
1695 4041 1731 4104 et
1747 4032 1822 4104 loca
1840 4030 1913 4102 Deo
1924 4028 2037 4103 dicata

639 4155 745 4250 digno
762 4157 880 4228 lavore
893 4155 1145 4249 prosequimur,
1160 4157 1234 4228 suis
1253 4156 1564 4252 supplicationibus
1582 4155 1747 4250 inclinati,
1764 4153 1960 4250 predictum
1975 4153 2039 4223 ab·

638 4279 770 4371 batem,
792 4287 1002 4354 conventum
1027 4287 1062 4352 et
1076 4279 1320 4354 monasterium
1344 4302 1387 4355 ce
1403 4281 1521 4356 omnia
1549 4281 1640 4358 bona
1660 4301 1725 4352 sua
1745 4300 1817 4373 que
1838 4279 1875 4349 in
1891 4277 2040 4374 presenti

536 4445 545 4478 ι
637 4407 729 4498 juste
742 4411 860 4476 teuent
874 4411 909 4476 et
926 4401 1103 4497 possident
1122 4413 1156 4477 et
1181 4404 1218 4476 in
1241 4413 1342 4476 antea
1360 4406 1456 4499 justo
1481 4405 1581 4478 titulo
1604 4412 1763 4499 potarum
1778 4399 1950 4496 adipisci,
1974 4401 2041 4470 sub

641 4538 756 4602 nostra
774 4539 808 4602 et
825 4529 958 4623 imperii
981 4530 1191 4624 protectione
1213 4530 1400 4624 recipimus
1423 4531 1586 4626 speciali;
1610 4528 1765 4604 fidelitati
1788 4536 1902 4600 vestre
1924 4525 2042 4621 preci-

642 4649 769 4744 piendo
794 4647 1181 4744 mandantesquatcnus
1195 4649 1312 4725 nullus
1335 4650 1381 4722 sit
1396 4651 1458 4746 qui
1470 4649 1632 4724 eumdem
1651 4649 1811 4724 abbatem
1833 4655 1870 4718 et
1887 4641 2043 4741 predicta

642 4773 758 4846 omnia
770 4782 887 4844 contra
907 4772 1074 4868 presentis
1094 4773 1314 4868 promotionis
1333 4783 1450 4848 nostre
1466 4783 1619 4848 morem
1637 4782 1765 4846 tamem
1779 4768 1949 4866 impedire
1960 4787 2045 4864 pre-
