4859 6359
381 763 480 826 turrea
495 763 541 842 9.]
834 760 1031 823 HISTORIA
1054 759 1347 824 uttuounutcu
1732 759 1794 824 845

383 897 421 970 C.
434 899 544 990 major
552 897 748 992 prepositus
764 895 974 970 Coloniensis
985 895 1090 970 irater
1100 895 1189 988 ejus,
1205 896 1250 968 li.
1265 894 1459 992 prepositus
1466 893 1582 966 Sancti
1592 893 1788 986 Kuniberti‚

382 1021 579 1094 walramus
590 1019 635 1092 de
645 1019 831 1111 lemburg,
843 1016 1005 1094 Albsrlns
1014 1017 1061 1092 de
1072 1019 1262 1114 Rossewag
1270 1017 1456 1114 imperialis
1466 1016 1790 1108 curisjusdturius,

382 1153 418 1217 el
435 1143 494 1216 alii
507 1144 742 1238 quamplures.
1221 1189 1228 1200 .

431 1266 576 1360 Signum
591 1264 723 1338 domini
742 1262 906 1336 Friderici
927 1262 1072 1338 secundi
1093 1263 1157 1336 Dei
1181 1265 1291 1356 gratia
1314 1263 1533 1337 invictissimi
1560 1264 1791 1338 Romanorum

382 1388 597 1484 imperatoris
611 1407 747 1482 semper
762 1386 919 1479 augusti,
941 1387 1128 1458 Jerusalem
1141 1396 1175 1460 at
1192 1387 1308 1459 Sicilie
1322 1387 1414 1479 regis
1429 1386 1678 1480 gloriosissimi.

430 1511 521 1584 Acta
537 1519 618 1584 sunt
635 1511 700 1584 heo
716 1531 809 1584 anno
822 1509 995 1584 dominice
1007 1511 1252 1584 incarnationis
1265 1510 1507 1601 mccxxxvt,
1526 1531 1645 1584 mensa
1657 1510 1787 1600 madio,

384 1655 475 1708 ncne
492 1634 708 1722 indictionis,
730 1635 921 1730 imperanto
941 1635 1081 1708 domino
1099 1643 1214 1708 nostro
1236 1633 1411 1708 Friderico
1423 1634 1486 1708 Dei
1508 1634 1617 1725 mutia
1630 1635 1790 1708 invictis·

382 1758 471 1832 simo
487 1759 719 1831 Romanorum
734 1757 939 1852 imperatore
954 1779 1090 1853 semper
1107 1769 1273 1850 augusto,
1300 1758 1488 1831 Jerusalem
1506 1766 1541 1830 el
1557 1757 1672 1830 Sicilie
1682 1778 1787 1852 rege,

383 1902 474 1955 anno
491 1881 628 1977 imperii
642 1882 718 1974 eJus
727 1880 823 1972 xv1,
845 1882 942 1976 regni
959 1881 1227 1972 lerusalsmlll,
1256 1881 1355 1974 regni
1373 1901 1458 1954 vero
1478 1880 1593 1954 Sicilie
1617 1881 1789 1956 tricesimo

382 2014 524 2096 octavo,
544 2003 698 2077 feliciter.
714 2003 837 2079 Amen.

430 2129 557 2200 Datum
571 2127 803 2220 Confluentis,
820 2149 929 2224 anno,
947 2149 1063 2201 mense
1079 2137 1114 2202 et
1131 2127 1320 2204 indictione
1333 2129 1544 2225 prescriptis.

623 2431 1542 2446 mun-mm

433 2711 664 2817 Fridcricus,
685 2714 947 2798 Romanorum
966 2691 1189 2826 imperator,
1209 2717 1260 2842 ad
1280 2717 1500 2824 petitionem
1524 2717 1665 2800 civium
1687 2718 1788 2801 Tre·
1898 2744 1996 2840 du...

382 2847 639 2954 monensium,
664 2847 907 2956 privilegium
932 2875 956 2930 a
978 2849 1102 2958 seipso
1129 2874 1233 2931 anno
1253 2849 1356 2930 1220
1373 2849 1517 2932 eisdem
1534 2849 1727 2934 indultum
1752 2863 1791 2934 et
1935 2871 1942 2886 ·

379 2986 511 3084 postea
527 2977 702 3062 incendio
720 2989 1010 3088 consumptum,
1032 2980 1277 3090 inquisitione
1293 2981 1399 3088 prius
1417 2980 1465 3062 de
1481 2979 1557 3062 lide
1573 2982 1790 3092 transcripti

380 3107 495 3219 laeta,
515 3119 672 3196 renovat
689 3120 726 3194 et
743 3111 944 3196 inserendo
961 3112 1173 3196 confirmat.

461 3332 564 3412 (Edld.
578 3335 699 3398 Banna.
718 3335 886 3409 Tsrunscn,
900 3337 961 3397 Der·
972 3331 1154 3417 Hauplslutl
1173 3334 1223 3397 dcc
1249 3333 1376 3416 Warpt.
1398 3337 1526 3414 Bcnpcr.
1546 3354 1602 3399 corr
1622 3338 1789 3401 Dorlmund

501 3439 680 3519 (Dortmund
696 3441 800 3522 tute),
814 3443 954 3520 Anhang,
969 3461 1001 3521 p.
1017 3452 1068 3505 69.
1079 3443 1193 3505 Pendet
1205 3441 1386 3504 anreubnllu
1397 3443 1457 3504 lills
1466 3445 1566 3505 sericis
1577 3443 1650 3505 fluvi
1662 3451 1694 3506 ct
1705 3445 1788 3508 rubri

499 3544 629 3626 coloru.)

427 3743 468 3816 ln
484 3743 626 3818 nomine
642 3751 760 3818 saneta
780 3753 816 3818 et
833 3742 1017 3818 individue
1034 3744 1221 3818 Trinitatis.
1239 3743 1435 3819 Fridsricns
1455 3744 1645 3837 secundus,
1664 3745 1787 3824 divina

377 3867 518 3940 lavante
545 3867 726 3942 clementia
744 3868 975 3941 Romanorum
992 3867 1176 3964 imperator
1192 3889 1328 3964 semper
1341 3877 1529 3962 augustus,
1548 3869 1735 3944 Jerusalem
1751 3882 1788 3944 et

377 3988 492 4062 Sicilie
509 4011 585 4064 rex.
608 3990 798 4085 Imperialis
811 3991 1017 4064 excellentia
1029 3991 1245 4064 suinominis
1267 3990 1386 4064 titulos
1409 3991 1552 4087 ampliat
1573 4001 1609 4064 et
1630 3994 1783 4084 extollit,

377 4130 456 4182 curn
474 4113 592 4186 innato
613 4113 834 4210 benignitatis
855 4114 965 4208 gratia
983 4113 1138 4188 fidelium
1162 4112 1282 4186 merita
1300 4111 1465 4209 prospicit
1481 4122 1517 4186 et
1530 4114 1643 4205 justas
1664 4136 1784 4188 eorum

377 4233 610 4309 favorabiliter
641 4238 824 4334 petitiones
855 4237 1017 4312 admittit.
1046 4239 1236 4334 Eapmpter
1262 4238 1435 4311 universis
1458 4238 1595 4332 imperii
1623 4237 1785 4311 fidelibus

376 4363 447 4430 lem
470 4360 689 4454 presentibus
716 4383 820 4455 quam
846 4361 970 4434 suturis
995 4363 1157 4435 volumus
1178 4382 1255 4434 esse
1276 4371 1397 4434 notum
1416 4359 1512 4456 quod
1530 4361 1625 4434 cives
1641 4361 1785 4435 Tremo-

377 4480 528 4572 nienses,
549 4482 671 4557 lideles
685 4485 812 4569 nosui,
844 4484 1040 4558 celsitudini
1059 4493 1174 4558 nostre
1196 4485 1374 4558 humiliter
1389 4485 1628 4580 supplicarunt
1650 4496 1689 4556 nt
1702 4486 1786 4580 qnia

376 4603 554 4698 quoddam
581 4607 802 4702 privilegium
828 4609 880 4682 eis
900 4630 923 4682 a
944 4617 1062 4682 nostra
1085 4606 1290 4681 celsitudine
1304 4615 1458 4702 tempore
1479 4607 1579 4700 regni
1596 4609 1703 4681 nostri
1724 4610 1784 4682 in·

376 4727 513 4802 dullum
544 4752 628 4804 casn
658 4733 798 4808 lortnito
821 4733 858 4806 in
887 4732 1052 4808 incendio
1080 4732 1189 4830 ipsius
1218 4730 1340 4828 oppidi
1365 4731 1582 4804 combustum
1600 4733 1729 4827 iuerat,
1748 4744 1785 4808 et

375 4853 554 4948 quoddam
580 4856 819 4953 transcriptum
843 4857 953 4954 ipsius
984 4878 1046 4953 per
1073 4856 1188 4930 omnia
1214 4855 1329 4931 simile
1348 4865 1558 4930 remanserat
1582 4855 1679 4954 apud
1706 4878 1783 4947 eos,
