4859 6359
624 806 686 868 876
1126 808 1341 871 ratnutttcl
1365 807 1538 869 sscuhut
1842 812 1922 889 [Asu.
1940 814 2028 877 1236.

623 940 896 1013 Lombardorum
909 944 1061 1017 Ecclesia
1075 945 1217 1016 arbitrio
1233 944 1400 1015 duximus
1411 940 1709 1031 committendum,
1729 963 1799 1015 non
1818 943 1945 1035 injuste
1958 969 2029 1021 cre·

624 1064 746 1137 dentes
771 1065 867 1159 quod
892 1088 972 1160 pars
997 1070 1103 1141 altera
1131 1089 1329 1163 processum
1349 1076 1502 1139 nostrum
1529 1065 1564 1135 in
1587 1085 1629 1137 eo
1660 1064 1883 1139 imbecillitati
1902 1070 2028 1143 virium

624 1198 818 1261 nostrarum
833 1186 931 1285 [non]
949 1190 1178 1285 impenderet,
1200 1190 1263 1263 sed
1281 1189 1467 1285 imperialis
1488 1186 1764 1261 mansuetudinis
1781 1190 1890 1263 titulis
1913 1192 2027 1288 impu·

623 1322 729 1391 taret;
751 1312 847 1404 qnod
870 1314 1089 1406 postmodnm
1118 1336 1164 1386 ex
1189 1323 1259 1385 tcto
1277 1312 1561 1407 percontrarium
1579 1333 1640 1405 per
1657 1311 1816 1385 ellectum
1835 1316 1949 1409 operis
1966 1316 2028 1390 de-

622 1435 837 1506 monstravit.
856 1437 941 1507 Nam
959 1446 1037 1531 post
1050 1437 1087 1509 id
1105 1436 1210 1509 iidem
1227 1436 1428 1508 excellentie
1442 1443 1556 1506 nostre
1581 1434 1741 1525 rebelles,
1760 1436 2027 1513 Florentinornm

622 1559 782 1653 exemplo
807 1558 868 1652 qni
886 1569 970 1632 tune
996 1562 1159 1655 temporis
1182 1560 1217 1630 in
1241 1560 1350 1631 oculis
1368 1556 1493 1630 nostris
1508 1558 1579 1629 fere
1598 1556 1683 1629 dum
1700 1558 1796 1653 apud
1813 1560 1916 1633 Reate
1935 1584 2026 1637 esse·

620 1703 717 1772 mus,
730 1680 885 1755 fidelium
895 1694 1086 1755 nostrorum
1101 1682 1425 1777 depopulationibus
1439 1692 1474 1753 et
1487 1680 1657 1753 incendiis
1673 1702 1741 1753 non
1756 1683 1941 1776 parcebant
1954 1685 2023 1781 (t),

619 1804 830 1877 hlntinenses
846 1815 881 1879 et
898 1808 1110 1879 veronenses
1123 1806 1174 1901 (2)
1189 1805 1309 1878 fideles
1324 1816 1457 1879 nostros
1470 1804 1636 1877 hostiliter
1647 1814 1729 1876 sunt
1742 1807 1907 1899 aggressi,
1927 1808 2026 1881 nobis

619 1928 750 2001 eisdem
768 1929 1011 2002 invocantibus
1024 1930 1290 2027 lacrymabiliter
1301 1930 1493 2003 necessaria
1510 1936 1545 1999 et
1557 1927 1753 1999 desiderata
1774 1928 1937 2023 suffragia
1956 1954 2026 2005 ne-

618 2052 830 2146 queuntibus
848 2053 1042 2147 jmpertiri,
1074 2056 1171 2126 velut
1202 2054 1292 2125 circa
1322 2052 1498 2146 negotium
1529 2048 1709 2148 [Ecclesie]
1739 2054 1928 2147 occupatis.
1951 2056 2025 2128 lliis

616 2176 777 2246 omnibus
802 2198 872 2248 non
900 2180 1071 2268 contenti,
1098 2177 1254 2251 velutin
1280 2175 1491 2272 profundum
1514 2174 1728 2246 miseriarum
1753 2176 1902 2249 immersi
1924 2178 2022 2251 etad

615 2298 728 2369 omnis
739 2298 929 2391 iniqnitatis
944 2279 1098 2373 extrema
1113 2299 1272 2387 deducti,
1293 2302 1330 2371 in
1344 2300 1452 2394 ipsius
1461 2298 1522 2371 Dei
1539 2298 1699 2390 injuriam
1711 2308 1746 2371 et
1755 2300 1845 2391 juris
1859 2303 2023 2375 naturalis

615 2420 799 2509 offensam,
826 2422 982 2517 predicto
1007 2424 1252 2518 compromisso
1271 2422 1457 2517 pendente,
1485 2444 1547 2517 per
1571 2424 1709 2495 nuutios
1728 2444 1838 2516 usque
1858 2423 1896 2495 in
1912 2425 2023 2499 Theu-

614 2546 743 2617 toniam
762 2546 951 2618 destinatos
971 2555 1090 2619 contra
1111 2568 1174 2619 noe
1197 2569 1276 2619 cum
1304 2545 1375 2619 filio
1400 2556 1514 2618 nostro
1535 2546 1778 2637 conjurationis
1804 2545 1922 2619 ledere
1942 2570 2021 2621 cou-

615 2677 807 2740 traxernnt'.
837 2668 978 2762 Propter
1004 2668 1103 2763 quod
1125 2669 1171 2741 ad
1194 2668 1465 2763 expugnandam
1496 2668 1581 2739 tanti
1610 2668 1769 2741 facinoris
1794 2672 2019 2765 corruptelam

612 2792 748 2865 obstare
765 2792 944 2885 principiis
961 2793 1125 2887 eligentes
1145 2804 1180 2864 et
1193 2794 1313 2865 lavore
1331 2792 1450 2863 divino
1475 2792 1511 2861 in
1533 2790 1757 2863 Theutoniam
1777 2806 2015 2887 properantes,

612 2914 732 2986 divina
748 2917 901 3010 potentia
925 2938 1067 3011 gressus
1086 2925 1219 2989 nostros
1231 2914 1359 2989 abinde
1373 2912 1555 3008 magnifice
1575 2912 1762 3005 dirigente,
1779 2917 1911 2988 nuntiis
1922 2918 2020 2989 lom·

610 3038 798 3111 bardorum
827 3040 979 3133 ipsorum
1003 3039 1050 3113 de
1079 3040 1221 3111 consilio
1248 3040 1431 3111 multorum
1458 3037 1651 3133 principum
1682 3038 1880 3131 turpissime
1903 3042 2019 3113 mortis

597 3150 741 3253 'judicio
752 3162 1030 3257 condempnatis,
1050 3164 1121 3235 vite
1134 3159 1275 3258 [umen]
1294 3172 1328 3233 et
1342 3162 1489 3235 libertati
1507 3162 1651 3257 pristine
1665 3162 1842 3253 restitutis,
1858 3162 1905 3237 ad
1920 3165 2018 3239 Sedis

609 3286 806 3378 Apostolice
817 3307 936 3379 preoes
950 3295 985 3359 et
998 3287 1125 3359 monita
1143 3283 1197 3380 (3)
1215 3296 1251 3357 et
1268 3286 1420 3380 magistri
1435 3284 1619 3379 Hospitalis
1634 3286 1758 3357 Sancte
1771 3286 1877 3359 blarie
1894 3286 2017 3360 domus

611 3404 897 3478 Thentonicorum
924 3407 960 3477 in
987 3408 1174 3480 Jerusalem
1195 3408 1336 3481 multam
1362 3408 1558 3479 instantiam
1582 3408 1618 3477 in
1649 3408 1817 3504 solempni
1849 3410 2016 3505 colloquio

612 3529 814 3623 Maguntino
826 3528 1004 3620 negotium
1021 3531 1260 3625 supradictum
1279 3532 1394 3605 denuo
1412 3552 1523 3625 usque
1541 3532 1577 3603 in
1602 3532 1728 3603 testum
1740 3532 1933 3605 Natiuitatis
1953 3534 2015 3606 do·

609 3654 736 3725 minine
750 3652 797 3725 ad
814 3652 978 3724 honorem
995 3664 1196 3727 nostramet
1213 3654 1348 3749 imperii
1366 3654 1584 3727 commodum
1599 3655 1740 3728 arbitrio
1757 3656 1909 3729 Ecclesia
1925 3679 2017 3730 com·

610 3776 768 3849 misimus
795 3776 1065 3867 terminandum,
1099 3779 1178 3851 data
1208 3778 1276 3851 sihi
1308 3774 1358 3873 (a)
1385 3798 1448 3873 spe
1470 3778 1711 3851 nichilominus
1730 3800 1790 3873 per
1815 3780 2016 3873 magistrum

609 3900 747 3973 Petrum
759 3900 805 3972 de
818 3901 926 3973 Vinea
939 3924 1065 3996 magne
1080 3904 1176 3976 curie
1186 3913 1302 3975 nostre
1310 3903 1477 3995 judicem,
1489 3902 1649 3974 nuntium
1657 3913 1692 3975 et
1699 3901 1837 3975 fidelem
1846 3914 2010 3995 nostrum,

652 4062 694 4141 (a)
706 4050 831 4125 'Setllcet
840 4080 947 4143 papae,
961 4071 996 4125 ut
1007 4067 1136 4127 aldetnr.

643 4336 680 4409 (t)
698 4336 737 4392 De
747 4333 818 4391 bello
830 4340 895 4391 tnnc
908 4335 1113 4409 temporisinter
1123 4336 1289 4394 florentinos
1298 4340 1326 4393 et
1340 4335 1481 4407 Serranam,
1494 4336 1550 4395 vid.
1562 4334 1660 4395 Ghron.
1672 4334 1781 4404 sirac,
1795 4348 1840 4407 ap.
1855 4334 2010 4401 Memnon,

608 4432 753 4514 Script„t.
767 4432 827 4501 XV,
842 4448 870 4504 p.
884 4434 931 4489 25.
1032 4489 1034 4492 ,
1065 4489 1067 4492 ,
1740 4449 1743 4459 ’

644 4528 681 4601 (2)
698 4529 729 4585 ln
751 4526 843 4585 codice
862 4528 937 4585 locus
953 4529 1063 4587 omnino
1084 4529 1195 4587 mutilus
1219 4536 1269 4589 est.
1290 4530 1443 4603 tegendum
1462 4536 1518 4601 eet,
1534 4536 1565 4587 ut
1582 4528 1749 4597 arbitramur,
1766 4528 1948 4585 eremmanos
1963 4542 2012 4602 pro

611 4626 774 4681 veronenses.
788 4624 846 4683 lloc
866 4624 939 4683 enim
961 4624 1019 4683 loco
1038 4627 1125 4698 apuu
1140 4628 1176 4684 de
1191 4628 1291 4701 praelio
1308 4628 1485 4685 Zenevcltano
1500 4642 1564 4700 quo,
1581 4627 1645 4683 dum
1666 4626 1815 4683 Fridericus
1830 4624 1857 4681 in
1874 4623 2011 4683 obsidione

609 4720 790 4793 Respampani
812 4720 984 4793 detineretur,
998 4722 1212 4781 Mediolanenses
1226 4724 1331 4781 anferre
1350 4725 1401 4781 nisi
1418 4730 1481 4781 sunt
1502 4724 1670 4797 elephantem
1692 4728 1720 4781 et
1740 4720 1922 4780 dromedarios
1942 4734 2011 4793 quos

609 4817 753 4889 imperator
765 4831 827 4875 cum
839 4834 935 4891 magno
950 4818 1080 4877 comitatu
1090 4820 1246 4879 Cmmonam
1260 4821 1377 4879 miserat.

645 4913 681 4986 (3)
700 4912 740 4971 Cl.
755 4929 837 4988 supra
850 4914 952 4971 litteras
965 4913 1087 4988 Gregorii
1100 4916 1147 4987 lx,
1163 4932 1191 4991 p.
1203 4918 1267 4976 735.
