4859 6359
596 693 655 754 ¹162
1092 693 1312 754 untnuutct
1336 694 1510 756 sactum
1816 693 1897 772 [iter.
1918 694 2006 760 1235.

644 825 731 900 Acta
763 835 845 900 sunt
870 827 935 898 hec
962 849 1054 902 anno
1081 827 1254 902 dominice
1285 828 1531 902 incarnationis
1559 829 1742 904 mitissimo
1771 829 2007 904 ducentesimo

595 953 765 1026 tricesimo
780 953 915 1046 quinto,
932 975 1050 1027 mense
1065 954 1220 1048 augusti,
1240 964 1363 1027 notave
1378 952 1589 1028 indictionis.

642 1077 727 1149 Data
744 1075 840 1172 apud
854 1077 1067 1170 Hagenowe,
1084 1099 1188 1169 anuo,
1209 1098 1329 1152 mense
1342 1087 1378 1151 et
1391 1076 1582 1152 indictione
1595 1078 1808 1175 prescriptis.

643 1674 875 1776 Fridericus‚
897 1674 1157 1758 Romanorum
1184 1675 1406 1786 imperator,
1425 1685 1562 1762 notum
1583 1675 1675 1760 tecit
1694 1676 1802 1788 qnod
1817 1676 1859 1758 in
1876 1701 2001 1786 gene-

422 1788 542 1860 ⁸²¹¹⁰·²⁰·'
590 1806 662 1890 nali
689 1807 795 1890 curia
821 1833 892 1890 sua
918 1806 1140 1894 Ludewicus
1166 1808 1215 1891 de
1240 1810 1376 1920 Schipf
1394 1809 1606 1896 Gottifredc
1621 1809 1671 1894 de
1687 1808 1910 1894 Hohculohe
1925 1834 2001 1894 ec-

590 1940 673 2022 miti
699 1939 946 2024 Romaniolae
971 1962 1042 2050 pro
1073 1941 1348 2027 restauratione
1368 1944 1599 2029 damnorum
1624 1969 1694 2052 per
1711 1943 1844 2054 seipsi
1860 1943 2000 2027 Gotte·

588 2073 688 2156 frido
705 2071 919 2182 illatorum,
939 2072 1045 2156 mille
1062 2097 1212 2157 marcas
1234 2075 1383 2187 argenti
1400 2075 1602 2159 solvendas
1616 2074 1810 2186 promisit,
1830 2084 1869 2158 et
1886 2100 2001 2184 snper

588 2206 776 2291 solutione
793 2213 961 2290 castrum
980 2233 1094 2291 suum
1116 2208 1253 2319 Schipf
1278 2221 1317 2294 et
1347 2210 1423 2294 elia
1453 2211 1556 2297 bona
1587 2220 1668 2295 tam
1698 2210 1741 2294 in
1771 2208 2000 2320 proprietate

586 2365 704 2451 quem
721 2339 761 2422 in
780 2339 901 2424 iendis
918 2339 1115 2452 obligarit.

666 2563 803 2646 (Edtdcr.
815 2567 1052 2640 mamurra,
1064 2563 1279 2646 aspamam
1293 2567 1416 2632 amma
1427 2565 1592 2632 ἀιώυκι
1603 2563 1783 2640 amoto,
1796 2573 1821 2629 t.
1834 2566 1907 2643 1‚p
1923 2573 1995 2638 aas,

703 2681 737 2734 n⁰
760 2671 882 2750 XXIII,
896 2687 935 2733 ex
959 2672 1105 2752 originali.
1120 2705 1160 2720 -
1173 2674 1341 2749 turma,
1361 2671 1529 2756 nopae,
1553 2681 1579 2738 t.
1592 2675 1642 2749 ΙΙ,
1667 2691 1699 2752 p.
1716 2681 1788 2736 att.
1803 2701 1844 2718 ·-
1856 2672 1994 2744 Omna,

709 2775 908 2860 Wepprndd„
922 2784 944 2840 t
959 2777 1006 2855 11,
1019 2796 1050 2858 p.
1070 2781 1152 2860 101.)

630 2977 838 3071 Fridericus,
856 2979 918 3052 Dei
937 2979 1048 3074 gratia
1065 2979 1297 3052 Romanorum
1315 2979 1500 3076 imperator
1516 2990 1551 3054 et
1565 3001 1701 3077 semper
1726 2987 1910 3072 angustus,
1927 2979 1991 3052 Je-

581 3103 729 3176 rusalem
753 3113 788 3178 et
810 3103 924 3177 Sicilie
940 3126 1016 3178 rex.
1040 3106 1104 3179 Per
1126 3127 1267 3202 presens
1288 3106 1454 3202 scriptum
1482 3117 1603 3179 notum
1626 3103 1701 3179 fieri
1729 3104 1893 3178 votnmus
1914 3103 1994 3175 uni·

581 3247 690 3302 versls
721 3229 855 3324 imperii
891 3227 1053 3302 fidelibus
1076 3239 1145 3303 tam
1173 3229 1391 3326 presentibus
1417 3251 1523 3326 quam
1548 3229 1673 3303 futuris
1696 3227 1792 3323 qnod
1815 3228 1915 3301 nobis
1934 3247 1992 3300 re·

580 3353 775 3427 sidentibus
810 3353 846 3424 in
877 3353 1004 3450 palatio
1032 3363 1147 3427 nostro
1171 3353 1373 3450 Hagenowe
1398 3355 1436 3428 in
1463 3355 1614 3451 generali
1641 3351 1737 3427 curia
1763 3350 1993 3448 prejudiciis

580 3477 777 3570 audiendis,
794 3477 1031 3551 assistentibus
1044 3479 1143 3551 nobis
1156 3478 1531 3578 plerisqneprincipnm
1543 3488 1579 3552 et
1592 3485 1989 3574 procerumnostrornm,

580 3603 664 3678 dnm
683 3600 891 3676 Godetridus
910 3603 955 3676 de
973 3603 1172 3677 Hohenlohe
1196 3625 1312 3677 eomes
1324 3604 1491 3677 Romania
1514 3601 1626 3676 fidelis
1651 3609 1766 3674 noster
1790 3599 1993 3672 conveniret

580 3728 617 3799 in
630 3727 804 3824 presentia
824 3735 942 3800 nostra
957 3726 1185 3803 Lndewicum
1201 3727 1247 3804 de
1261 3727 1413 3824 Sohiphe
1433 3747 1540 3824 super
1554 3726 1732 3799 immensis
1745 3723 1907 3820 dampnis
1923 3721 1991 3795 sibi

580 3851 682 3924 illatis
693 3873 759 3946 per
774 3873 868 3944 eum,
887 3850 1001 3925 dietus
1016 3851 1229 3926 Ludewicus
1246 3875 1326 3930 cum
1343 3851 1468 3926 eodem
1488 3849 1673 3925 Godeirido
1695 3847 1741 3922 ad
1760 3847 1990 3942 subscriptam

580 3975 840 4049 conventionem
856 3985 890 4050 et
904 3977 1170 4050 satisfactionem
1191 3978 1378 4071 gratuitam
1393 3977 1533 4050 obtenta
1554 3974 1691 4048 licentia
1715 3983 1751 4046 et
1765 3971 1990 4070 permissione

580 4109 693 4174 nostra
719 4098 888 4173 devenit:
912 4099 1074 4173 videlicet
1096 4101 1193 4196 quod
1219 4122 1280 4196 pro
1306 4101 1556 4175 recantatione
1579 4096 1808 4194 dampnorum
1833 4091 1989 4190 promisit

577 4224 691 4299 eidem
703 4223 889 4297 Godeirido
903 4224 997 4296 mille
1015 4247 1148 4298 marcas
1165 4226 1297 4322 argenti
1313 4225 1392 4322 puri
1411 4235 1447 4298 et
1463 4224 1545 4297 boni
1561 4222 1765 4312 solvendas,
1780 4239 1844 4315 pro
1860 4217 1990 4313 quibus

1177 4424 1229 4432 -..-

575 4534 663 4586 cestro
674 4525 882 4603 pertinentibus.
895 4529 936 4585 Ita
947 4527 974 4584 in
990 4527 1041 4586 alio
1055 4528 1214 4588 documento
1227 4529 1308 4604 huius
1319 4530 1447 4605 temporis
1460 4528 1546 4604 (apud
1555 4528 1773 4596 Emmaus,
1788 4521 1870 4592 ibid„
1885 4534 1916 4578 n·
1926 4521 1987 4593 nu)

574 4625 716 4683 Heindous
726 4625 804 4682 adhe
814 4623 1008 4682 amnena
1018 4625 1193 4698 permissione
1204 4627 1305 4685 demini
1314 4627 1357 4685 ωὶ
1367 4627 1471 4686 Atheni
1480 4624 1680 4686 muchenlcch
1688 4623 1784 4685 decem
1793 4618 1899 4677 maldra
1905 4616 1988 4674 tritici

574 4725 651 4782 offert
663 4721 791 4780 eeclesiae
811 4723 840 4779 in
853 4722 1070 4782 Scheitersheim.
1081 4725 1239 4782 leucatium
1250 4725 1283 4782 de
1295 4724 1448 4813 iioimtefd
1468 4738 1617 4800 cognom
1638 4726 1698 4782 erat
1717 4715 1911 4788 unwmmodo,
1925 4728 1987 4772 enm

574 4821 641 4878 atius
655 4835 689 4877 ex
701 4820 870 4894 propriorum
883 4821 1016 4880 bonorum
1029 4821 1106 4880 titulo
1120 4828 1260 4882 vocentur.
