4859 6359
583 719 645 783 688
1103 719 1277 782 nantuel
1301 721 1468 783 seratur
1541 765 1544 772 -
1806 721 1885 802 [Arm.
1904 723 1992 785 1234.

584 855 708 928 tituere
720 862 755 926 et
769 851 911 927 eosdem
923 853 1083 949 ampliori
1099 855 1211 950 gratia
1232 856 1428 950 prevenire.
1448 855 1521 932 Hae
1537 851 1710 950 siquidem
1728 855 1860 930 ratione
1872 866 1994 930 notum

584 995 660 1048 ease
676 974 838 1047 volumus
849 983 918 1046 tarn
933 975 1152 1069 presentibus
1166 997 1272 1070 quum
1291 975 1418 1048 futuris
1429 974 1525 1070 quod
1546 989 1626 1048 oum
1642 974 1848 1048 universitas
1861 973 1993 1052 civium

584 1106 619 1169 et
630 1097 809 1170 bominum
822 1095 868 1170 de
879 1096 1047 1172 Erdordia
1060 1099 1205 1172 exclusa
1223 1097 1345 1172 fuisset
1359 1121 1380 1172 a
1394 1099 1502 1194 gratia
1520 1107 1635 1170 nostra
1648 1108 1683 1172 et
1699 1119 1762 1194 pro
1778 1097 1994 1192 querimonia

586 1220 703 1294 dilecti
731 1221 897 1317 principis
924 1222 1031 1294 nostri
1055 1221 1173 1296 Silridi
1200 1222 1409 1294 venerabilis
1435 1220 1681 1323 archiepiscopi
1694 1220 1887 1315 Mogontini
1909 1242 1992 1318 prn-

584 1345 780 1439 scriptionis
792 1355 909 1418 nostre
925 1345 1066 1418 vinculo
1081 1345 1245 1420 innodata
1256 1345 1365 1444 (l),et
1382 1368 1429 1418 ex
1439 1345 1717 1420 hooviderentur
1729 1344 1900 1418 debilitari
1909 1329 1991 1438 jura

581 1479 617 1540 et
640 1468 824 1562 privilegia
841 1469 990 1541 civitatis
1007 1469 1136 1564 ipsius,
1156 1470 1329 1543 reformati
1353 1471 1462 1562 gratie
1483 1479 1598 1544 nostre
1623 1480 1658 1542 et
1681 1492 1702 1542 a
1732 1461 1991 1564 proscriptionis

582 1592 740 1684 ejusdem
767 1592 938 1665 sententia
962 1593 1128 1683 absoluti,
1154 1594 1392 1690 supplicarunt
1416 1593 1518 1666 nobis
1542 1593 1720 1666 humiliter
1744 1603 1780 1665 et
1805 1593 1991 1666 devotant

578 1715 716 1808 juribus
730 1715 874 1811 suisque
886 1717 1031 1810 justitiis
1043 1739 1165 1812 quasa
1182 1716 1456 1812 progenitoribus
1471 1717 1595 1790 nostris
1617 1716 1710 1790 divis
1727 1715 1990 1812 imperatoribus

581 1849 617 1912 et
628 1840 769 1934 regibus
781 1862 801 1911 a
814 1840 991 1913 retroactis
1002 1842 1213 1937 temporibus
1226 1841 1439 1934 babuerunt,
1457 1841 1552 1914 cives
1567 1849 1602 1913 et
1614 1839 1772 1913 homines
1786 1839 1879 1935 ipsos
1897 1849 1931 1912 et
1943 1839 1989 1911 oi·

581 1965 722 2037 vitatem
734 1963 888 2059 ipsorum
900 1964 945 2038 do
958 1975 1073 2039 nostre
1089 1965 1277 2059 majestatis
1290 1967 1399 2060 gratia
1414 1968 1605 2038 laceremus
1618 1965 1784 2058 gaudere.
1799 1965 1868 2036 Nos
1884 1953 1990 2057 igitur

581 2088 734 2183 ipsorum
751 2088 1061 2184 supplicationibus
1073 2091 1245 2180 inclinati,
1262 2091 1377 2164 omnia
1389 2091 1481 2183 jura,
1493 2089 1656 2183 justitias,
1676 2089 1848 2162 libertates
1861 2087 1990 2183 pariter

580 2223 615 2285 et
632 2211 780 2284 honoras
793 2213 923 2306 quibus
936 2213 1105 2287 haetenus
1122 2225 1204 2287 snut
1222 2212 1335 2308 gavisi
1353 2237 1400 2287 err
1418 2215 1597 2309 largitione
1611 2215 1666 2286 vel
1686 2212 1905 2286 concessione
1923 2213 1996 2284 im·'

576 2346 771 2432 paratorum
789 2356 852 2408 seu
866 2357 1002 2429 regum,
1014 2337 1099 2434 ipsis
1110 2337 1247 2410 civibus
1265 2338 1472 2410 innovamus
1486 2347 1520 2410 et
1532 2335 1737 2409 authoritate
1751 2337 1846 2430 regia
1863 2333 1987 2408 oonlir·

576 2481 727 2551 mamus,
747 2460 931 2532 imoetiam
945 2469 1115 2555 quantum
1128 2470 1326 2558 potestesse
1341 2461 1553 2534 intendimus
1569 2461 1762 2556 adaugere,
1782 2459 1984 2533 mandantes

572 2592 608 2656 et
620 2583 688 2654 sub
705 2582 847 2654 obtentu
864 2582 974 2676 gratia
990 2593 1104 2656 nostre
1120 2582 1308 2656 districtius
1324 2583 1520 2656 inhibentes
1528 2603 1572 2656 ne
1580 2581 1661 2676 quis
1675 2582 1713 2652 in
1726 2591 1901 2676 posterum
1917 2601 1990 2670 oo-x

574 2708 712 2779 oasione
728 2706 988 2802 proscriptionis
1006 2705 1160 2803 predicte
1176 2707 1272 2804 ipsos
1291 2707 1347 2780 vel
1370 2706 1543 2779 civitatem
1561 2706 1714 2800 ipsorum
1737 2705 1901 2800 impetere
1925 2704 1983 2777 vel

572 2851 719 2925 gravare
739 2842 928 2926 presumat.
945 2832 981 2902 Si
998 2833 1078 2928 quis
1099 2841 1216 2905 autem
1236 2831 1303 2906 hoo
1316 2839 1518 2926 attemptare
1539 2829 1801 2926 presumpserit,
1822 2828 1983 2922 indigna·

573 2956 699 3028 tionem
721 2966 873 3029 nostram
895 2978 934 3030 se
961 2955 1097 3028 noverit
1119 2956 1354 3028 incursurum.
1380 2955 1425 3028 Ut
1444 2954 1550 3048 igitur
1569 2953 1634 3027 hee
1658 2953 1768 3047 gratia
1788 2953 1874 3048 ipsis
1893 2953 1983 3025 sacta

573 3079 725 3154 debitam
738 3089 773 3154 et
788 3089 990 3176 perpetuam
1002 3080 1155 3153 obtineat
1171 3079 1385 3172 firmitatem,
1405 3088 1598 3176 presentem
1613 3077 1775 3175 paginam
1796 3073 1879 3150 inde
1898 3095 1982 3149 oon·

573 3205 735 3299 scriptam
747 3205 852 3299 sigilli
868 3205 974 3276 nostri
994 3204 1205 3298 appensione
1223 3203 1368 3276 lecimus
1386 3201 1603 3275 communiri.

622 3330 738 3402 Testes
759 3329 866 3420 hujus
889 3329 940 3400 rei
957 3337 1039 3400 sunt
1055 3353 1064 3397 ε
1079 3325 1310 3400 Theodericus
1325 3325 1555 3419 Trevirensis,
1575 3325 1742 3400 Henrions
1771 3325 1981 3400 coloniensis

572 3452 834 3548 archiepiscopi,
856 3452 1023 3524 Henrious
1036 3450 1113 3524 dux
1125 3450 1171 3525 de
1188 3453 1362 3545 limburg,
1373 3451 1542 3524 llenrious
1554 3471 1669 3524 comes
1681 3449 1853 3540 Senensis,
1869 3449 1980 3543 Egino

570 3598 685 3650 comes
699 3574 745 3650 de
765 3576 933 3667 Fribnrg,
952 3575 1121 3648 Henricus
1143 3575 1188 3648 de
1209 3575 1360 3671 Niphen,
1390 3573 1610 3648 Eberhardus
1633 3581 1667 3646 et
1690 3575 1767 3647 Otto
1793 3575 1916 3647 iratres
1934 3573 1979 3646 de

572 3699 767 3792 Eberstein,
786 3698 948 3773 Gerlaons
966 3697 1012 3772 de
1025 3698 1215 3793 Bntingen,
1233 3697 1425 3770 Friderions
1440 3695 1485 3770 de
1502 3694 1766 3788 Riobensoeide,
1790 3695 1979 3769 Wemerns

572 3826 618 3898 de
633 3823 826 3897 Bonlandia
837 3822 1022 3918 imperialis
1035 3823 1115 3894 aule
1126 3821 1272 3917 dapifer,
1287 3821 1422 3894 Ulricus
1430 3821 1476 3894 de
1486 3819 1718 3915 blintzenberg
1732 3819 1888 3913 ejusdem
1900 3819 1978 3892 aule

571 3948 797 4038 camerarius,
815 3946 1012 4022 Gerhardus
1027 3947 1075 4021 de
1091 3946 1289 4039 Sintzeobe,
1315 3948 1488 4020 lohannes
1501 3945 1548 4020 de
1564 3945 1737 4038 Gimenilr,
1757 3942 1977 4020 Eberhardns

570 4072 615 4145 de
630 4073 763 4163 llonte,
781 4083 817 4146 et
830 4071 891 4145 alii
907 4073 1142 4168 quamplures.

616 4195 741 4268 Actum
758 4195 855 4292 apud
872 4196 1096 4291 Bopardiam,
1114 4215 1206 4268 anno
1228 4193 1337 4290 gratie
1350 4196 1533 4272 millesimo
1550 4195 1785 4271 ducentesimo
1805 4193 1975 4267 tricesimo

568 4330 712 4414 quarto,
733 4319 834 4393 tertio
847 4319 929 4393 idus
946 4319 1168 4415 septembris,
1189 4317 1377 4422 indictione
1387 4319 1546 4416 septima.

602 4647 638 4723 (t)
657 4649 718 4708 tid.
731 4663 822 4725 supra,
835 4665 864 4724 p.
880 4653 947 4722 stt,
959 4657 1018 4709 not.
1034 4655 1060 4710 t.
1072 4652 1166 4711 llense
1174 4651 1252 4725 julio,
1269 4667 1323 4710 non
1337 4613 1477 4728 expedatu
1485 4651 1651 4710 absolutione
1662 4666 1745 4726 qnam
1758 4650 1976 4726 oenuptmpus

564 4746 617 4803 hoo
629 4753 744 4804 exeunte
757 4763 850 4805 meuse
862 4748 1079 4808 Erlordiensibus
1091 4750 1237 4822 consent,
1251 4749 1396 4825 imperator
1407 4749 1614 4810 oonsnatndbres
1630 4750 1781 4825 etantiqua
1794 4749 1856 4823 jura
1872 4748 1974 4808 eisdem

562 4843 775 4903 confirmaverat.
789 4845 828 4905 Cf.
840 4862 932 4921 supra,
943 4865 973 4923 p.
987 4850 1049 4906 t'tt.
