4859 6359
639 838 698 899 734
1134 839 1351 902 ruthenici
1375 842 1549 904 saturni
1859 843 1938 928 [arr.
1958 844 2044 906 1235.

719 971 823 1053 (lidid.
839 973 978 1052 norm,
995 971 1126 1036 Gcichrtc
1144 977 1307 1058 Αιιιιίιιι,
1331 981 1407 1052 ete,
1426 987 1520 1053 tata,
1541 995 1573 1056 p.
1589 985 1648 1042 944
1669 984 1700 1040 et
1719 993 1802 1058 seqq.
1824 985 1854 1040 ct
1871 976 1977 1041 Arete
1987 977 2047 1058 seir

758 1077 865 1142 acen
880 1078 1004 1142 Oeen.
1020 1079 1116 1144 ema
1128 1081 1257 1164 paelice,
1275 1093 1364 1164 ¹85⁰,
1379 1091 1402 1146 t.
1417 1085 1444 1164 1,
1458 1103 1490 1163 p.
1506 1094 1577 1162 tet,
1592 1093 1626 1146 n·
1638 1085 1693 1160 lv,
1708 1094 1739 1147 2.
1754 1085 1903 1164 originale
1919 1092 2002 1148 extat
2014 1088 2046 1148 in

757 1188 879 1249 archivo
891 1188 1101 1268 Βιιιιιιιιιιι
1113 1189 1166 1250 ubl
1179 1191 1283 1254 eedem
1297 1207 1389 1254 mauu
1401 1191 1440 1252 ad
1453 1198 1570 1270 tergum
1583 1207 1774 1270 pergamenae
1786 1192 1893 1270 legitur
1907 1210 1916 1252 ι
1933 1191 2047 1253 doreiao

757 1293 952 1354 Romanorum
965 1296 1150 1375 imperatori,
1165 1303 1196 1357 et
1208 1297 1286 1357 inira
1301 1298 1335 1358 C.
1356 1295 1392 1358 de
1403 1293 1583 1371 Hohcnlecb,
1599 1304 1656 1359 etc.
1673 1297 1777 1377 Cujus,
1791 1299 1869 1360 sicut
1891 1303 1922 1358 et
1942 1301 2047 1376 prioris

757 1401 939 1476 documenti,
956 1401 1004 1462 iac
1016 1403 1112 1463 simile
1124 1402 1235 1463 ibidem
1249 1403 1385 1465 exhibuit
1397 1404 1510 1466 iidder.
1524 1404 1645 1467 Nullum
1658 1403 1746 1482 sigilli
1763 1399 1943 1482 vestigium.)

685 1559 909 1632 serenissimo
923 1559 1064 1633 domino
1077 1581 1141 1634 suo
1153 1563 1208 1634 Fr.
1228 1563 1459 1636 Romanorum
1475 1563 1672 1658 imperatori
1687 1584 1822 1660 semper
1835 1562 2041 1658 augustod.

639 1685 683 1758 de
698 1684 896 1757 Hoheuloch
915 1705 1028 1758 comes
1038 1686 1218 1773 Romania,
1237 1687 1278 1758 Η.
1300 1686 1533 1760 marschalcus
1544 1687 1590 1761 de
1604 1686 1794 1782 Bapinbaiu
1810 1688 1894 1760 etC.
1913 1685 1959 1760 de
1971 1687 2046 1760 liic

637 1810 784 1904 chingen
796 1808 952 1881 debitum
969 1818 1004 1881 et
1020 1817 1176 1904 paratum
1193 1809 1230 1881 in
1246 1811 1408 1884 omnihus
1424 1811 1769 1906 obsequiumliestra
1781 1810 1869 1882 scire
1885 1810 2046 1904 dignetur

635 1933 838 2007 excellentia
860 1931 957 2026 quod
980 1953 1095 2006 comes
1118 1933 1229 2026 Egino
1252 1934 1297 2008 de
1321 1935 1491 2008 Vriburch
1516 1933 1566 2031 (l)
1591 1935 1627 2006 iu
1643 1935 1754 2008 Urach
1772 1935 1925 2006 munitus
1938 1934 2045 2006 muita

637 2057 835 2130 collectione
852 2056 1000 2128 militum
1014 2065 1049 2129 et
1066 2057 1211 2129 aliorum
1225 2058 1405 2131 hominum
1427 2080 1466 2131 se
1480 2058 1607 2130 locavit
1623 2058 1659 2128 in
1678 2057 1870 2154 dampnum
1895 2065 1929 2130 et
1945 2057 2046 2152 igno·

636 2181 777 2252 minium
793 2181 1010 2276 imperatorie
1021 2181 1219 2272 maiestatis,
1236 2182 1444 2276 pretendens
1457 2180 1554 2278 quod
1570 2181 1649 2254 siin
1665 2180 1765 2254 honis
1782 2182 1856 2254 suis
1869 2181 1914 2253 ab
1929 2180 2045 2276 aliquo

637 2305 848 2393 offendatur,
879 2305 964 2378 velit
980 2281 1043 2399 pro¹
1058 2305 1192 2378 viribus
1210 2306 1402 2400 prohibere.
1421 2308 1492 2380 Nec
1512 2315 1628 2378 minen
1648 2327 1728 2378 eum
1744 2305 1793 2378 ibi
1811 2305 1903 2378 hona
1917 2325 2045 2398 cogno·

636 2429 752 2501 vimus
772 2429 888 2523 eliqua
908 2429 1068 2501 retinere.
1086 2429 1246 2502 Preterea
1266 2430 1354 2502 scire
1371 2429 1564 2524 dignemini
1578 2429 1675 2524 quod
1698 2451 1778 2502 cum
1795 2429 1979 2524 Nipharius
1991 2425 2045 2524 (2)

635 2575 746 2648 nuper
758 2552 899 2625 domum
911 2563 990 2625 ante
997 2550 1140 2624 Achaim
1157 2561 1392 2648 expugnasset
1403 2562 1437 2626 et
1451 2553 1500 2626 ibi
1511 2563 1645 2627 nostros
1659 2553 1816 2625 homines
1824 2553 2042 2648 captivasset,

635 2678 748 2769 dictus
763 2699 877 2750 comes
894 2677 1005 2772 ligino
1018 2698 1078 2750 cos
1103 2677 1138 2747 in
1157 2678 1270 2750 Urach
1286 2678 1428 2773 recepit,
1443 2685 1478 2751 et
1493 2675 1610 2750 adhuc
1632 2676 1681 2748 ibi
1699 2697 1779 2748 cum
1794 2697 1836 2749 eo
1850 2685 2042 2770 morantur,

633 2813 667 2876 et
686 2813 823 2898 propter
839 2801 906 2874 hoc
932 2801 979 2873 ud
996 2799 1212 2874 obsidionem
1236 2801 1337 2874 castri
1358 2801 1492 2897 Niphen
1515 2801 1635 2874 venire
1657 2821 1726 2874 non
1745 2823 1945 2897 possumus,
1977 2799 2045 2871 nisi

633 2928 769 3024 copiam
781 2927 961 3000 hominum
976 2924 1073 3021 quod
1089 2925 1262 3020 possimus
1277 2926 1329 2998 cis
1346 2927 1504 2998 resistere
1519 2925 1719 2998 habeamus.
1738 2924 1830 3010 Quid
1850 2945 1954 3020 super
1977 2923 2045 2996 hiis

633 3052 756 3124 facturi
776 3052 885 3124 simus
906 3050 1008 3124 nobis
1033 3057 1147 3123 vestra
1169 3047 1361 3122 dominatio
1387 3049 1489 3122 citius
1513 3047 1677 3140 dignetur
1699 3047 1898 3122 rescribere.
1926 3047 2045 3120 Dictus

633 3175 726 3248 enim
745 3197 860 3249 comes
877 3175 1001 3270 Egiuo,
1022 3182 1205 3271 postquam
1220 3175 1406 3272 Spaunagii
1424 3172 1507 3271 (dia
1523 3173 1622 3248 nobis
1634 3173 1795 3264 recessit,
1813 3172 1946 3246 laborat
1961 3193 2044 3246 om-

633 3299 738 3372 nibus
755 3299 867 3373 modis
883 3297 929 3372 ad
947 3299 1104 3372 homines
1117 3297 1348 3393 acquirendos
1363 3295 1427 3393 (l).

669 3524 706 3598 (t)
726 3524 822 3582 Comes
837 3524 882 3582 illa
902 3525 946 3581 cui
967 3523 1059 3581 multis
1083 3523 1163 3595 bonis
1183 3529 1213 3580 et
1233 3523 1381 3582 honoribus
1403 3539 1452 3580 rex
1474 3522 1605 3582 hienricus
1624 3523 1793 3598 providerat,
1814 3522 1877 3581 belli
1898 3523 1927 3580 iu
1946 3524 2043 3582 Sucvia

632 3622 759 3681 summoti
773 3627 856 3696 caput
870 3626 899 3677 et
914 3621 993 3694 quasi
1007 3621 1133 3696 princeps
1151 3621 1236 3678 luisse
1250 3620 1367 3678 videtur.
1381 3620 1507 3678 Devictus
1518 3625 1608 3678 tamen
1627 3620 1700 3678 haud
1714 3619 1797 3678 multo
1813 3626 1874 3696 post
1887 3619 1969 3694 obiit,
1991 3621 2042 3680 sci·

631 3719 897 3793 licetttjuliititd.
909 3717 949 3776 Ci.
961 3720 1147 3790 διιιιιιιιιιι,
1161 3720 1236 3776 Birt.
1248 3719 1317 3776 Zcr.
1320 3717 1460 3786 -.,Budeor
1469 3717 1774 3794 tib.11,sv11,p.aae.

667 3819 703 3892 (i)
720 3817 794 3875 idem
805 3817 851 3890 qui
862 3832 953 3890 supra,
966 3815 1091 3874 videlicet
1102 3817 1242 3874 lieinricus
1254 3817 1289 3874 de
1303 3816 1392 3874 Niien.

668 3918 705 3991 (a)
722 3917 762 3974 Ex
780 3915 881 3972 iamilia
903 3915 1099 3973 Stauiiousibus
1120 3914 1303 3972 addictissima
1322 3914 1433 3972 nundus
1454 3913 1498 3970 ille
1521 3913 1589 3982 iuit,
1613 3911 1706 3970 licet
1698 3929 1727 3970 ur
1749 3912 1895 3988 privilegiis
1917 3915 2042 3975 Fridarici

633 4014 743 4073 secundi
764 4028 819 4073 non
842 4012 930 4070 adhuc
948 4013 1112 4087 apparuerit
1135 4011 1277 4087 Spaunagii
1291 4011 1400 4085 quidam
1418 4011 1526 4069 nomine
1544 4010 1710 4069 ῦιιιιᾱιι
1702 4027 1731 4068 ιι
1746 4011 1820 4070 curia
1841 4012 1956 4088 Philippi
1973 4015 2044 4090 regis

633 4130 696 4171 ιιι.
710 4114 780 4170 litii)
794 4115 822 4168 et
834 4114 905 4169 titii
918 4110 1043 4182 aduerat,
1057 4111 1135 4184 cujus
1156 4109 1226 4168 iilirrs
1238 4109 1281 4169 vel
1294 4125 1378 4183 nepos
1391 4109 1506 4166 nominis
1518 4107 1664 4182 ejusdem
1656 4125 1684 4165 ιι
1703 4109 1841 4183 privilegio
1854 4110 1994 4168 Conradini
2008 4111 2043 4170 da

634 4225 704 4268 auno
717 4210 797 4281 laet,
811 4210 845 4263 46
859 4207 973 4280 rugini,
990 4207 1070 4264 testis
1082 4221 1190 4280 quoque
1203 4206 1368 4264 inscribitur.
1671 4195 1674 4202 ’

670 4307 707 4380 (t)
726 4308 782 4364 llas
803 4312 832 4362 et
853 4321 923 4379 quaa
936 4305 1102 4379 praecedunt
1122 4303 1242 4375 litteras,
1260 4319 1343 4378 quum
1363 4301 1401 4360 ibi
1420 4301 1509 4360 desint
1528 4302 1638 4361 omnino
1658 4301 1861 4375 chronologicae
1880 4309 1972 4375 ιιιιι,
1988 4319 2041 4363 ιιι

634 4411 695 4462 aute
713 4409 855 4462 exeuntem
867 4401 973 4476 junium
990 4417 1045 4475 quo
1062 4406 1182 4474 tempore
1205 4401 1351 4475 imperator
1369 4400 1442 4458 circa
1465 4403 1555 4474 paries
1571 4400 1685 4458 Sueviae
1701 4399 1855 4471 advenerit,
1870 4417 1958 4475 neque
1981 4410 2043 4478 post

633 4502 734 4560 curiam
754 4501 933 4575 iiaguntiuam
961 4499 1007 4556 ubi
1032 4515 1066 4556 ex
1084 4499 1202 4556 unanimi
1220 4500 1372 4573 principum
1388 4513 1500 4557 assensu
1519 4497 1646 4556 Friderici
1668 4497 1881 4558 adversariorum
1899 4503 1956 4557 tota
1978 4515 2042 4575 spes

631 4600 760 4670 evanuit,
775 4597 942 4672 reponendas
962 4611 1024 4654 esse
1043 4611 1196 4654 ιιιιιιιιι.
1211 4597 1296 4659 Nobis
1320 4597 1480 4654 ιιι4ιι44ιιι
1492 4595 1591 4656 iitilleri
1606 4611 1641 4654 ex
1658 4595 1850 4654 commentario
1869 4595 2041 4670 praelaudato

628 4698 688 4770 jam
709 4695 920 4768 assectantibus,
934 4710 1033 4752 novam
1051 4694 1186 4752 Staeliuus
1210 4693 1275 4751 huic
1293 4694 1412 4768 opinioni
1435 4693 1498 4751 fidei
1519 4707 1631 4752 oausam
1649 4693 1751 4766 attulit,
1770 4699 1828 4750 tum
1844 4709 1878 4750 ex
1895 4691 2039 4754 Wirtemb.

633 4793 808 4862 ichrbir'cher,
822 4793 905 4862 4848,
927 4793 1032 4866 t.1,p.
1049 4793 1182 4864 liti-tlt,
1199 4796 1257 4848 tum
1281 4807 1315 4848 ιι
1336 4791 1447 4866 epistola
1469 4807 1524 4866 qua
1540 4792 1575 4849 ad
1587 4807 1645 4848 rem
1660 4790 1844 4849 elucidandam
1856 4806 1907 4848 nos
1926 4790 2041 4848 salutare

634 4891 711 4951 solite
726 4889 882 4948 liberalitate
900 4889 995 4946 voluit.
1020 4888 1098 4948 Unde
1110 4903 1204 4947 manso
1220 4888 1285 4962 julio
1306 4893 1334 4946 et
1352 4888 1463 4948 lorsitan
1482 4889 1547 4949 dum
1567 4889 1712 4965 imperator
1731 4888 1898 4948 wormatiae
1917 4889 2039 4962 degeret,

630 4990 684 5048 duo
698 4989 875 5046 instrumenta
894 4987 977 5045 inisse
996 4986 1096 5062 scripta
1108 4986 1274 5060 conjicimus.
