<?xml version="1.0" encoding="UTF-8"?>
<!DOCTYPE html PUBLIC "-//W3C//DTD XHTML 1.0 Transitional//EN"
    "http://www.w3.org/TR/xhtml1/DTD/xhtml1-transitional.dtd">
<html xmlns="http://www.w3.org/1999/xhtml" xml:lang="en" lang="en">
 <head>
  <title>
</title>
<meta http-equiv="Content-Type" content="text/html;charset=utf-8" />
  <meta name='ocr-system' content='tesseract 3.04.00' />
  <meta name='ocr-capabilities' content='ocr_page ocr_carea ocr_par ocr_line ocrx_word'/>
</head>
<body>
  <div class='ocr_page' id='page_1' title='image "./historiadiploma05fredgoog_0102.png"; bbox 0 0 4859 6359; ppageno 0'>
   <div class='ocr_carea' id='block_1_1' title="bbox 1100 806 1988 887">
    <p class='ocr_par' dir='ltr' id='par_1_1' title="bbox 1100 806 1988 887">
     <span class='ocr_line' id='line_1_1' title="bbox 1100 806 1988 887; baseline 0 -18"><span class='ocrx_word' id='word_1_1' title='bbox 1100 810 1274 873; x_wconf 77' lang='lat' dir='ltr'>sanator</span> <span class='ocrx_word' id='word_1_2' title='bbox 1297 809 1464 872; x_wconf 80' lang='lat' dir='ltr'>scrutur</span> <span class='ocrx_word' id='word_1_3' title='bbox 1804 808 1884 887; x_wconf 70' lang='lat' dir='ltr'>[nn.</span> <span class='ocrx_word' id='word_1_4' title='bbox 1902 806 1988 881; x_wconf 77' lang='lat' dir='ltr'>raas</span> 
     </span>
    </p>
   </div>
   <div class='ocr_carea' id='block_1_2' title="bbox 363 1366 1983 2117">
    <p class='ocr_par' dir='ltr' id='par_1_2' title="bbox 363 1366 1983 2117">
     <span class='ocr_line' id='line_1_2' title="bbox 363 1366 1983 1483; baseline -0.002 -31"><span class='ocrx_word' id='word_1_5' title='bbox 363 1382 551 1483; x_wconf 51' lang='lat' dir='ltr'>affl·</span> <span class='ocrx_word' id='word_1_6' title='bbox 630 1368 830 1476; x_wconf 78' lang='lat' dir='ltr'>Hannone,</span> <span class='ocrx_word' id='word_1_7' title='bbox 849 1370 1109 1452; x_wconf 89' lang='lat' dir='ltr'>Romanorum</span> <span class='ocrx_word' id='word_1_8' title='bbox 1135 1396 1221 1479; x_wconf 83' lang='lat' dir='ltr'>rex,</span> <span class='ocrx_word' id='word_1_9' title='bbox 1248 1371 1299 1453; x_wconf 88' lang='lat' dir='ltr'>ad</span> <span class='ocrx_word' id='word_1_10' title='bbox 1325 1369 1603 1480; x_wconf 84' lang='lat' dir='ltr'>querimoniam</span> <span class='ocrx_word' id='word_1_11' title='bbox 1626 1366 1895 1452; x_wconf 89' lang='lat' dir='ltr'>canonicorum</span> <span class='ocrx_word' id='word_1_12' title='bbox 1912 1390 1983 1448; x_wconf 89' lang='lat' dir='ltr'>ec-</span> 
     </span>
     <span class='ocr_line' id='line_1_3' title="bbox 575 1501 1982 1613; baseline -0.003 -29"><span class='ocrx_word' id='word_1_13' title='bbox 575 1502 711 1585; x_wconf 87' lang='lat' dir='ltr'>clesiae</span> <span class='ocrx_word' id='word_1_14' title='bbox 733 1502 833 1586; x_wconf 88' lang='lat' dir='ltr'>beati</span> <span class='ocrx_word' id='word_1_15' title='bbox 857 1501 1013 1586; x_wconf 87' lang='lat' dir='ltr'>Servatii</span> <span class='ocrx_word' id='word_1_16' title='bbox 1040 1502 1080 1582; x_wconf 94' lang='lat' dir='ltr'>in</span> <span class='ocrx_word' id='word_1_17' title='bbox 1108 1502 1295 1613; x_wconf 68' lang='lat' dir='ltr'>Traiane,</span> <span class='ocrx_word' id='word_1_18' title='bbox 1315 1530 1361 1586; x_wconf 87' lang='lat' dir='ltr'>ex</span> <span class='ocrx_word' id='word_1_19' title='bbox 1388 1503 1572 1585; x_wconf 90' lang='lat' dir='ltr'>sententia</span> <span class='ocrx_word' id='word_1_20' title='bbox 1592 1502 1807 1612; x_wconf 84' lang='lat' dir='ltr'>principum</span> <span class='ocrx_word' id='word_1_21' title='bbox 1824 1501 1982 1582; x_wconf 89' lang='lat' dir='ltr'>denun-</span> 
     </span>
     <span class='ocr_line' id='line_1_4' title="bbox 573 1632 1980 1747; baseline -0.004 -29"><span class='ocrx_word' id='word_1_22' title='bbox 573 1634 641 1718; x_wconf 89' lang='lat' dir='ltr'>tiat</span> <span class='ocrx_word' id='word_1_23' title='bbox 658 1634 878 1743; x_wconf 90' lang='lat' dir='ltr'>episcopum</span> <span class='ocrx_word' id='word_1_24' title='bbox 895 1634 1140 1717; x_wconf 90' lang='lat' dir='ltr'>Leodiensem</span> <span class='ocrx_word' id='word_1_25' title='bbox 1157 1634 1306 1719; x_wconf 91' lang='lat' dir='ltr'>nullam</span> <span class='ocrx_word' id='word_1_26' title='bbox 1319 1635 1621 1747; x_wconf 86' lang='lat' dir='ltr'>jurisdictionem</span> <span class='ocrx_word' id='word_1_27' title='bbox 1636 1636 1778 1718; x_wconf 91' lang='lat' dir='ltr'>habere</span> <span class='ocrx_word' id='word_1_28' title='bbox 1795 1633 1835 1715; x_wconf 92' lang='lat' dir='ltr'>in</span> <span class='ocrx_word' id='word_1_29' title='bbox 1848 1632 1980 1715; x_wconf 88' lang='lat' dir='ltr'>eadem</span> 
     </span>
     <span class='ocr_line' id='line_1_5' title="bbox 573 1763 1979 1877; baseline -0.004 -26"><span class='ocrx_word' id='word_1_30' title='bbox 573 1767 730 1851; x_wconf 87' lang='lat' dir='ltr'>ecclesia</span> <span class='ocrx_word' id='word_1_31' title='bbox 763 1793 861 1876; x_wconf 88' lang='lat' dir='ltr'>quac</span> <span class='ocrx_word' id='word_1_32' title='bbox 891 1792 994 1849; x_wconf 91' lang='lat' dir='ltr'>mere</span> <span class='ocrx_word' id='word_1_33' title='bbox 1029 1777 1066 1849; x_wconf 89' lang='lat' dir='ltr'>et</span> <span class='ocrx_word' id='word_1_34' title='bbox 1091 1766 1209 1850; x_wconf 90' lang='lat' dir='ltr'>libere</span> <span class='ocrx_word' id='word_1_35' title='bbox 1245 1768 1296 1850; x_wconf 89' lang='lat' dir='ltr'>ad</span> <span class='ocrx_word' id='word_1_36' title='bbox 1330 1767 1533 1877; x_wconf 92' lang='lat' dir='ltr'>imperium</span> <span class='ocrx_word' id='word_1_37' title='bbox 1559 1765 1824 1851; x_wconf 90' lang='lat' dir='ltr'>tantummodo</span> <span class='ocrx_word' id='word_1_38' title='bbox 1854 1763 1979 1873; x_wconf 90' lang='lat' dir='ltr'>perti-</span> 
     </span>
     <span class='ocr_line' id='line_1_6' title="bbox 571 1894 1978 2010; baseline -0.004 -27"><span class='ocrx_word' id='word_1_39' title='bbox 571 1926 662 1984; x_wconf 90' lang='lat' dir='ltr'>nere</span> <span class='ocrx_word' id='word_1_40' title='bbox 684 1900 908 2007; x_wconf 85' lang='lat' dir='ltr'>dinoscitur,</span> <span class='ocrx_word' id='word_1_41' title='bbox 929 1898 1116 2010; x_wconf 92' lang='lat' dir='ltr'>illumque</span> <span class='ocrx_word' id='word_1_42' title='bbox 1143 1925 1214 2008; x_wconf 93' lang='lat' dir='ltr'>pro</span> <span class='ocrx_word' id='word_1_43' title='bbox 1241 1899 1415 2009; x_wconf 79' lang='lat' dir='ltr'>expensis</span> <span class='ocrx_word' id='word_1_44' title='bbox 1441 1900 1481 1980; x_wconf 93' lang='lat' dir='ltr'>in</span> <span class='ocrx_word' id='word_1_45' title='bbox 1508 1908 1662 1983; x_wconf 90' lang='lat' dir='ltr'>centum</span> <span class='ocrx_word' id='word_1_46' title='bbox 1690 1898 1830 1981; x_wconf 90' lang='lat' dir='ltr'>marcis</span> <span class='ocrx_word' id='word_1_47' title='bbox 1857 1894 1978 1980; x_wconf 88' lang='lat' dir='ltr'>Colo-</span> 
     </span>
     <span class='ocr_line' id='line_1_7' title="bbox 569 2032 1023 2117; baseline -0.004 -2"><span class='ocrx_word' id='word_1_48' title='bbox 569 2032 765 2117; x_wconf 90' lang='lat' dir='ltr'>niensibus</span> <span class='ocrx_word' id='word_1_49' title='bbox 782 2033 1023 2115; x_wconf 81' lang='lat' dir='ltr'>condemnat.</span> 
     </span>
    </p>
   </div>
   <div class='ocr_carea' id='block_1_3' title="bbox 651 2244 1974 2432">
    <p class='ocr_par' dir='ltr' id='par_1_3' title="bbox 651 2244 1974 2432">
     <span class='ocr_line' id='line_1_8' title="bbox 651 2244 1974 2328; baseline 0 -21"><span class='ocrx_word' id='word_1_50' title='bbox 651 2245 755 2327; x_wconf 80' lang='lat' dir='ltr'>(nuc.</span> <span class='ocrx_word' id='word_1_51' title='bbox 782 2247 938 2321; x_wconf 73' lang='lat' dir='ltr'>Mmrnus,</span> <span class='ocrx_word' id='word_1_52' title='bbox 965 2246 1049 2327; x_wconf 80' lang='lat' dir='ltr'>Opcr.</span> <span class='ocrx_word' id='word_1_53' title='bbox 1075 2244 1211 2328; x_wconf 63' lang='grc' dir='ltr'>οἰίρίοηιυ</span> <span class='ocrx_word' id='word_1_54' title='bbox 1234 2254 1307 2309; x_wconf 90' lang='lat' dir='ltr'>tom.</span> <span class='ocrx_word' id='word_1_55' title='bbox 1335 2248 1389 2324; x_wconf 84' lang='lat' dir='ltr'>IV,</span> <span class='ocrx_word' id='word_1_56' title='bbox 1411 2266 1443 2326; x_wconf 90' lang='lat' dir='ltr'>p.</span> <span class='ocrx_word' id='word_1_57' title='bbox 1467 2256 1541 2325; x_wconf 77' lang='lat' dir='ltr'>aet,</span> <span class='ocrx_word' id='word_1_58' title='bbox 1560 2248 1627 2309; x_wconf 90' lang='lat' dir='ltr'>coll.</span> <span class='ocrx_word' id='word_1_59' title='bbox 1647 2264 1716 2309; x_wconf 93' lang='lat' dir='ltr'>cum</span> <span class='ocrx_word' id='word_1_60' title='bbox 1737 2246 1864 2308; x_wconf 72' lang='lat' dir='ltr'>ebanul.</span> <span class='ocrx_word' id='word_1_61' title='bbox 1888 2244 1974 2309; x_wconf 82' lang='lat' dir='ltr'><strong>MSS.</strong></span> 
     </span>
     <span class='ocr_line' id='line_1_9' title="bbox 691 2349 1935 2432; baseline -0.002 -18"><span class='ocrx_word' id='word_1_62' title='bbox 691 2354 723 2415; x_wconf 89' lang='lat' dir='ltr'>S.</span> <span class='ocrx_word' id='word_1_63' title='bbox 739 2352 867 2428; x_wconf 80' lang='lat' dir='ltr'>Servat,</span> <span class='ocrx_word' id='word_1_64' title='bbox 882 2356 913 2415; x_wconf 90' lang='lat' dir='ltr'>tn</span> <span class='ocrx_word' id='word_1_65' title='bbox 926 2353 1063 2417; x_wconf 90' lang='lat' dir='ltr'>blbllotb.</span> <span class='ocrx_word' id='word_1_66' title='bbox 1078 2354 1187 2429; x_wconf 79' lang='lat' dir='ltr'>Paris,</span> <span class='ocrx_word' id='word_1_67' title='bbox 1202 2362 1227 2415; x_wconf 91' lang='lat' dir='ltr'>t.</span> <span class='ocrx_word' id='word_1_68' title='bbox 1242 2356 1269 2431; x_wconf 90' lang='lat'>1,</span> <span class='ocrx_word' id='word_1_69' title='bbox 1282 2354 1335 2418; x_wconf 80' lang='lat' dir='ltr'>tol.</span> <span class='ocrx_word' id='word_1_70' title='bbox 1353 2364 1391 2417; x_wconf 76' lang='lat' dir='ltr'>at</span> <span class='ocrx_word' id='word_1_71' title='bbox 1404 2362 1495 2432; x_wconf 75' lang='lat' dir='ltr'>redo,</span> <span class='ocrx_word' id='word_1_72' title='bbox 1510 2361 1542 2417; x_wconf 89' lang='lat' dir='ltr'>et</span> <span class='ocrx_word' id='word_1_73' title='bbox 1552 2360 1627 2415; x_wconf 91' lang='lat' dir='ltr'>tom.</span> <span class='ocrx_word' id='word_1_74' title='bbox 1642 2354 1699 2429; x_wconf 90' lang='lat'>111,</span> <span class='ocrx_word' id='word_1_75' title='bbox 1711 2352 1764 2413; x_wconf 82' lang='lat' dir='ltr'>fol.</span> <span class='ocrx_word' id='word_1_76' title='bbox 1777 2360 1816 2413; x_wconf 78' lang='lat' dir='ltr'>to</span> <span class='ocrx_word' id='word_1_77' title='bbox 1829 2349 1935 2431; x_wconf 77' lang='lat' dir='ltr'>racto.)</span> 
     </span>
    </p>
   </div>
   <div class='ocr_carea' id='block_1_4' title="bbox 558 2532 1974 4984">
    <p class='ocr_par' dir='ltr' id='par_1_4' title="bbox 558 2532 1974 4984">
     <span class='ocr_line' id='line_1_10' title="bbox 616 2532 1974 2633; baseline -0.004 -25"><span class='ocrx_word' id='word_1_78' title='bbox 616 2537 801 2629; x_wconf 84' lang='lat' dir='ltr'>Henricus,</span> <span class='ocrx_word' id='word_1_79' title='bbox 822 2535 888 2609; x_wconf 89' lang='lat' dir='ltr'>Dei</span> <span class='ocrx_word' id='word_1_80' title='bbox 906 2536 1015 2629; x_wconf 83' lang='lat' dir='ltr'>gratia</span> <span class='ocrx_word' id='word_1_81' title='bbox 1037 2538 1269 2609; x_wconf 87' lang='lat' dir='ltr'>Romanorum</span> <span class='ocrx_word' id='word_1_82' title='bbox 1291 2559 1354 2610; x_wconf 87' lang='lat' dir='ltr'>rex</span> <span class='ocrx_word' id='word_1_83' title='bbox 1378 2560 1513 2633; x_wconf 83' lang='lat' dir='ltr'>semper</span> <span class='ocrx_word' id='word_1_84' title='bbox 1534 2544 1719 2632; x_wconf 79' lang='lat' dir='ltr'>augustus,</span> <span class='ocrx_word' id='word_1_85' title='bbox 1747 2532 1910 2606; x_wconf 90' lang='lat' dir='ltr'>omnibus</span> <span class='ocrx_word' id='word_1_86' title='bbox 1936 2532 1974 2603; x_wconf 90' lang='lat' dir='ltr'>in</span> 
     </span>
     <span class='ocr_line' id='line_1_11' title="bbox 566 2655 1973 2757; baseline -0.004 -26"><span class='ocrx_word' id='word_1_87' title='bbox 566 2670 783 2756; x_wconf 90' lang='lat' dir='ltr'>perpetuum.</span> <span class='ocrx_word' id='word_1_88' title='bbox 801 2659 887 2732; x_wconf 89' lang='lat' dir='ltr'>Cum</span> <span class='ocrx_word' id='word_1_89' title='bbox 908 2659 1054 2733; x_wconf 89' lang='lat' dir='ltr'>dilectus</span> <span class='ocrx_word' id='word_1_90' title='bbox 1072 2661 1270 2755; x_wconf 82' lang='lat' dir='ltr'>capellanus</span> <span class='ocrx_word' id='word_1_91' title='bbox 1288 2670 1404 2733; x_wconf 89' lang='lat' dir='ltr'>noster</span> <span class='ocrx_word' id='word_1_92' title='bbox 1420 2659 1561 2757; x_wconf 74' lang='lat' dir='ltr'>Sybodo</span> <span class='ocrx_word' id='word_1_93' title='bbox 1584 2657 1756 2754; x_wconf 80' lang='lat' dir='ltr'>Aquensis</span> <span class='ocrx_word' id='word_1_94' title='bbox 1773 2655 1925 2729; x_wconf 88' lang='lat' dir='ltr'>decanus</span> <span class='ocrx_word' id='word_1_95' title='bbox 1938 2664 1973 2727; x_wconf 90' lang='lat' dir='ltr'>et</span> 
     </span>
     <span class='ocr_line' id='line_1_12' title="bbox 564 2777 1972 2875; baseline -0.004 -18"><span class='ocrx_word' id='word_1_96' title='bbox 564 2784 750 2857; x_wconf 89' lang='lat' dir='ltr'>canonicus</span> <span class='ocrx_word' id='word_1_97' title='bbox 762 2783 909 2857; x_wconf 85' lang='lat' dir='ltr'>ecclesie</span> <span class='ocrx_word' id='word_1_98' title='bbox 928 2784 1019 2857; x_wconf 89' lang='lat' dir='ltr'>beati</span> <span class='ocrx_word' id='word_1_99' title='bbox 1035 2784 1180 2856; x_wconf 87' lang='lat' dir='ltr'>Servatii</span> <span class='ocrx_word' id='word_1_100' title='bbox 1194 2784 1230 2854; x_wconf 92' lang='lat' dir='ltr'>in</span> <span class='ocrx_word' id='word_1_101' title='bbox 1248 2784 1400 2875; x_wconf 84' lang='lat' dir='ltr'>Trajecto</span> <span class='ocrx_word' id='word_1_102' title='bbox 1413 2804 1455 2855; x_wconf 88' lang='lat' dir='ltr'>ao</span> <span class='ocrx_word' id='word_1_103' title='bbox 1471 2782 1574 2855; x_wconf 86' lang='lat' dir='ltr'>ceteri</span> <span class='ocrx_word' id='word_1_104' title='bbox 1592 2780 1815 2873; x_wconf 87' lang='lat' dir='ltr'>Trajectenais</span> <span class='ocrx_word' id='word_1_105' title='bbox 1830 2777 1972 2851; x_wconf 87' lang='lat' dir='ltr'>ecclesie</span> 
     </span>
     <span class='ocr_line' id='line_1_13' title="bbox 564 2903 1972 3002; baseline -0.002 -22"><span class='ocrx_word' id='word_1_106' title='bbox 564 2907 719 2980; x_wconf 91' lang='lat' dir='ltr'>canonici</span> <span class='ocrx_word' id='word_1_107' title='bbox 736 2906 978 3002; x_wconf 91' lang='lat' dir='ltr'>conquerendo</span> <span class='ocrx_word' id='word_1_108' title='bbox 996 2917 1248 3002; x_wconf 88' lang='lat' dir='ltr'>proposuerunt</span> <span class='ocrx_word' id='word_1_109' title='bbox 1262 2908 1380 3002; x_wconf 87' lang='lat' dir='ltr'>sepius</span> <span class='ocrx_word' id='word_1_110' title='bbox 1402 2929 1517 2980; x_wconf 87' lang='lat' dir='ltr'>coram</span> <span class='ocrx_word' id='word_1_111' title='bbox 1539 2907 1639 2980; x_wconf 88' lang='lat' dir='ltr'>nobis</span> <span class='ocrx_word' id='word_1_112' title='bbox 1651 2904 1748 3000; x_wconf 91' lang='lat' dir='ltr'>quod</span> <span class='ocrx_word' id='word_1_113' title='bbox 1765 2903 1972 2977; x_wconf 83' lang='lat' dir='ltr'>venerabilis</span> 
     </span>
     <span class='ocr_line' id='line_1_14' title="bbox 563 3029 1972 3128; baseline -0.002 -25"><span class='ocrx_word' id='word_1_114' title='bbox 563 3032 724 3127; x_wconf 90' lang='lat' dir='ltr'>princeps</span> <span class='ocrx_word' id='word_1_115' title='bbox 745 3040 861 3105; x_wconf 90' lang='lat' dir='ltr'>noster</span> <span class='ocrx_word' id='word_1_116' title='bbox 881 3031 1080 3105; x_wconf 91' lang='lat' dir='ltr'>Leodiensis</span> <span class='ocrx_word' id='word_1_117' title='bbox 1104 3032 1288 3127; x_wconf 88' lang='lat' dir='ltr'>episcopus</span> <span class='ocrx_word' id='word_1_118' title='bbox 1314 3053 1419 3128; x_wconf 87' lang='lat' dir='ltr'>snper</span> <span class='ocrx_word' id='word_1_119' title='bbox 1444 3032 1551 3127; x_wconf 82' lang='lat' dir='ltr'>ipsein</span> <span class='ocrx_word' id='word_1_120' title='bbox 1574 3029 1754 3103; x_wconf 86' lang='lat' dir='ltr'>ecclesiam</span> <span class='ocrx_word' id='word_1_121' title='bbox 1771 3036 1921 3101; x_wconf 91' lang='lat' dir='ltr'>nostram</span> <span class='ocrx_word' id='word_1_122' title='bbox 1937 3036 1972 3101; x_wconf 86' lang='lat' dir='ltr'>et</span> 
     </span>
     <span class='ocr_line' id='line_1_15' title="bbox 563 3153 1972 3251; baseline -0.002 -22"><span class='ocrx_word' id='word_1_123' title='bbox 563 3156 703 3229; x_wconf 90' lang='lat' dir='ltr'>eosdem</span> <span class='ocrx_word' id='word_1_124' title='bbox 719 3156 902 3230; x_wconf 89' lang='lat' dir='ltr'>canonicos</span> <span class='ocrx_word' id='word_1_125' title='bbox 916 3157 1110 3251; x_wconf 75' lang='lat' dir='ltr'>capellanos</span> <span class='ocrx_word' id='word_1_126' title='bbox 1123 3166 1258 3229; x_wconf 88' lang='lat' dir='ltr'>nostros</span> <span class='ocrx_word' id='word_1_127' title='bbox 1273 3178 1343 3230; x_wconf 93' lang='lat' dir='ltr'>non</span> <span class='ocrx_word' id='word_1_128' title='bbox 1358 3157 1470 3229; x_wconf 91' lang='lat' dir='ltr'>solum</span> <span class='ocrx_word' id='word_1_129' title='bbox 1491 3156 1558 3227; x_wconf 88' lang='lat' dir='ltr'>sibi</span> <span class='ocrx_word' id='word_1_130' title='bbox 1569 3153 1841 3247; x_wconf 87' lang='lat' dir='ltr'>jurisdictionem</span> <span class='ocrx_word' id='word_1_131' title='bbox 1854 3161 1972 3226; x_wconf 67' lang='lat' dir='ltr'>conda</span> 
     </span>
     <span class='ocr_line' id='line_1_16' title="bbox 558 3277 1971 3375; baseline -0.003 -22"><span class='ocrx_word' id='word_1_132' title='bbox 558 3281 726 3373; x_wconf 84' lang='lat' dir='ltr'>justitiam</span> <span class='ocrx_word' id='word_1_133' title='bbox 745 3280 943 3375; x_wconf 88' lang='lat' dir='ltr'>usurpavit,</span> <span class='ocrx_word' id='word_1_134' title='bbox 972 3302 1093 3355; x_wconf 89' lang='lat' dir='ltr'>verum</span> <span class='ocrx_word' id='word_1_135' title='bbox 1120 3280 1224 3353; x_wconf 88' lang='lat' dir='ltr'>etiam</span> <span class='ocrx_word' id='word_1_136' title='bbox 1248 3280 1454 3353; x_wconf 77' lang='lat' dir='ltr'>authoritate</span> <span class='ocrx_word' id='word_1_137' title='bbox 1468 3278 1607 3375; x_wconf 87' lang='lat' dir='ltr'>propria</span> <span class='ocrx_word' id='word_1_138' title='bbox 1633 3277 1679 3351; x_wconf 93' lang='lat' dir='ltr'>de</span> <span class='ocrx_word' id='word_1_139' title='bbox 1695 3278 1803 3369; x_wconf 84' lang='lat' dir='ltr'>lacto,</span> <span class='ocrx_word' id='word_1_140' title='bbox 1830 3298 1911 3349; x_wconf 93' lang='lat' dir='ltr'>cum</span> <span class='ocrx_word' id='word_1_141' title='bbox 1926 3278 1971 3352; x_wconf 92' lang='lat' dir='ltr'>de</span> 
     </span>
     <span class='ocr_line' id='line_1_17' title="bbox 559 3400 1971 3499; baseline -0.004 -23"><span class='ocrx_word' id='word_1_142' title='bbox 559 3406 638 3499; x_wconf 85' lang='lat' dir='ltr'>jure</span> <span class='ocrx_word' id='word_1_143' title='bbox 651 3403 863 3497; x_wconf 85' lang='lat' dir='ltr'>nequiverit,</span> <span class='ocrx_word' id='word_1_144' title='bbox 885 3413 1002 3477; x_wconf 90' lang='lat' dir='ltr'>contra</span> <span class='ocrx_word' id='word_1_145' title='bbox 1016 3404 1189 3477; x_wconf 83' lang='lat' dir='ltr'>libertates</span> <span class='ocrx_word' id='word_1_146' title='bbox 1204 3405 1465 3499; x_wconf 86' lang='lat' dir='ltr'>ipsiuseoclesie</span> <span class='ocrx_word' id='word_1_147' title='bbox 1482 3426 1525 3477; x_wconf 92' lang='lat' dir='ltr'>ac</span> <span class='ocrx_word' id='word_1_148' title='bbox 1540 3405 1577 3475; x_wconf 92' lang='lat' dir='ltr'>in</span> <span class='ocrx_word' id='word_1_149' title='bbox 1589 3401 1821 3498; x_wconf 86' lang='lat' dir='ltr'>prejudicium</span> <span class='ocrx_word' id='word_1_150' title='bbox 1835 3400 1971 3495; x_wconf 84' lang='lat' dir='ltr'>imperii</span> 
     </span>
     <span class='ocr_line' id='line_1_18' title="bbox 562 3524 1970 3623; baseline -0.001 -24"><span class='ocrx_word' id='word_1_151' title='bbox 562 3535 597 3599; x_wconf 89' lang='lat' dir='ltr'>et</span> <span class='ocrx_word' id='word_1_152' title='bbox 614 3535 768 3599; x_wconf 92' lang='lat' dir='ltr'>nostrum</span> <span class='ocrx_word' id='word_1_153' title='bbox 786 3527 823 3599; x_wconf 92' lang='lat' dir='ltr'>in</span> <span class='ocrx_word' id='word_1_154' title='bbox 837 3548 899 3601; x_wconf 88' lang='lat' dir='ltr'>eos</span> <span class='ocrx_word' id='word_1_155' title='bbox 914 3526 1279 3601; x_wconf 86' lang='lat' dir='ltr'>excommunicationis</span> <span class='ocrx_word' id='word_1_156' title='bbox 1294 3529 1495 3601; x_wconf 85' lang='lat' dir='ltr'>sententiam</span> <span class='ocrx_word' id='word_1_157' title='bbox 1508 3527 1761 3623; x_wconf 80' lang='lat' dir='ltr'>promulgavit,</span> <span class='ocrx_word' id='word_1_158' title='bbox 1787 3524 1872 3598; x_wconf 85' lang='lat' dir='ltr'>alias</span> <span class='ocrx_word' id='word_1_159' title='bbox 1886 3524 1970 3620; x_wconf 86' lang='lat' dir='ltr'>ipsis</span> 
     </span>
     <span class='ocr_line' id='line_1_19' title="bbox 562 3648 1970 3747; baseline -0.001 -26"><span class='ocrx_word' id='word_1_160' title='bbox 562 3649 750 3742; x_wconf 90' lang='lat' dir='ltr'>injuriosus</span> <span class='ocrx_word' id='word_1_161' title='bbox 767 3650 921 3723; x_wconf 84' lang='lat' dir='ltr'>existens</span> <span class='ocrx_word' id='word_1_162' title='bbox 932 3650 1119 3745; x_wconf 89' lang='lat' dir='ltr'>plurimum</span> <span class='ocrx_word' id='word_1_163' title='bbox 1128 3660 1163 3725; x_wconf 90' lang='lat' dir='ltr'>et</span> <span class='ocrx_word' id='word_1_164' title='bbox 1174 3653 1356 3743; x_wconf 89' lang='lat' dir='ltr'>molestus,</span> <span class='ocrx_word' id='word_1_165' title='bbox 1375 3673 1442 3724; x_wconf 90' lang='lat' dir='ltr'>nos</span> <span class='ocrx_word' id='word_1_166' title='bbox 1449 3673 1530 3723; x_wconf 92' lang='lat' dir='ltr'>eum</span> <span class='ocrx_word' id='word_1_167' title='bbox 1544 3649 1592 3724; x_wconf 91' lang='lat' dir='ltr'>ad</span> <span class='ocrx_word' id='word_1_168' title='bbox 1603 3648 1810 3747; x_wconf 87' lang='lat' dir='ltr'>presentiam</span> <span class='ocrx_word' id='word_1_169' title='bbox 1819 3656 1970 3720; x_wconf 87' lang='lat' dir='ltr'>nostram</span> 
     </span>
     <span class='ocr_line' id='line_1_20' title="bbox 561 3772 1969 3871; baseline 0 -26"><span class='ocrx_word' id='word_1_170' title='bbox 561 3773 744 3846; x_wconf 85' lang='lat' dir='ltr'>citavimus</span> <span class='ocrx_word' id='word_1_171' title='bbox 760 3795 865 3871; x_wconf 89' lang='lat' dir='ltr'>super</span> <span class='ocrx_word' id='word_1_172' title='bbox 882 3795 941 3865; x_wconf 89' lang='lat' dir='ltr'>eo,</span> <span class='ocrx_word' id='word_1_173' title='bbox 960 3774 1061 3847; x_wconf 88' lang='lat' dir='ltr'>certis</span> <span class='ocrx_word' id='word_1_174' title='bbox 1081 3784 1116 3849; x_wconf 90' lang='lat' dir='ltr'>et</span> <span class='ocrx_word' id='word_1_175' title='bbox 1136 3776 1300 3870; x_wconf 81' lang='lat' dir='ltr'>legitimis</span> <span class='ocrx_word' id='word_1_176' title='bbox 1315 3776 1347 3848; x_wconf 91' lang='lat' dir='ltr'>ei</span> <span class='ocrx_word' id='word_1_177' title='bbox 1364 3775 1518 3847; x_wconf 89' lang='lat' dir='ltr'>terminis</span> <span class='ocrx_word' id='word_1_178' title='bbox 1536 3774 1730 3868; x_wconf 77' lang='lat' dir='ltr'>assignatis.</span> <span class='ocrx_word' id='word_1_179' title='bbox 1751 3772 1836 3843; x_wconf 90' lang='lat' dir='ltr'>Cum</span> <span class='ocrx_word' id='word_1_180' title='bbox 1854 3781 1969 3845; x_wconf 87' lang='lat' dir='ltr'>autem</span> 
     </span>
     <span class='ocr_line' id='line_1_21' title="bbox 561 3896 1969 3995; baseline 0 -26"><span class='ocrx_word' id='word_1_181' title='bbox 561 3897 598 3969; x_wconf 88' lang='lat' dir='ltr'>in</span> <span class='ocrx_word' id='word_1_182' title='bbox 614 3898 734 3969; x_wconf 89' lang='lat' dir='ltr'>ultimo</span> <span class='ocrx_word' id='word_1_183' title='bbox 752 3898 980 3994; x_wconf 90' lang='lat' dir='ltr'>peremptorio</span> <span class='ocrx_word' id='word_1_184' title='bbox 1001 3898 1097 3994; x_wconf 90' lang='lat' dir='ltr'>apud</span> <span class='ocrx_word' id='word_1_185' title='bbox 1121 3899 1281 3971; x_wconf 88' lang='lat' dir='ltr'>Lutoram</span> <span class='ocrx_word' id='word_1_186' title='bbox 1300 3921 1370 3972; x_wconf 94' lang='lat' dir='ltr'>non</span> <span class='ocrx_word' id='word_1_187' title='bbox 1388 3898 1612 3995; x_wconf 87' lang='lat' dir='ltr'>personaliter</span> <span class='ocrx_word' id='word_1_188' title='bbox 1631 3896 1880 3991; x_wconf 89' lang='lat' dir='ltr'>comparuisset</span> <span class='ocrx_word' id='word_1_189' title='bbox 1903 3916 1969 3969; x_wconf 89' lang='lat' dir='ltr'>nec</span> 
     </span>
     <span class='ocr_line' id='line_1_22' title="bbox 561 4020 1968 4117; baseline 0 -24"><span class='ocrx_word' id='word_1_190' title='bbox 561 4020 686 4116; x_wconf 89' lang='lat' dir='ltr'>aliquis</span> <span class='ocrx_word' id='word_1_191' title='bbox 714 4022 920 4115; x_wconf 88' lang='lat' dir='ltr'>responsalis</span> <span class='ocrx_word' id='word_1_192' title='bbox 946 4045 1009 4117; x_wconf 89' lang='lat' dir='ltr'>pro</span> <span class='ocrx_word' id='word_1_193' title='bbox 1036 4044 1094 4115; x_wconf 88' lang='lat' dir='ltr'>eo,</span> <span class='ocrx_word' id='word_1_194' title='bbox 1129 4032 1163 4095; x_wconf 91' lang='lat' dir='ltr'>et</span> <span class='ocrx_word' id='word_1_195' title='bbox 1192 4024 1374 4117; x_wconf 86' lang='lat' dir='ltr'>probatum</span> <span class='ocrx_word' id='word_1_196' title='bbox 1404 4023 1526 4095; x_wconf 85' lang='lat' dir='ltr'>luisset</span> <span class='ocrx_word' id='word_1_197' title='bbox 1550 4020 1759 4093; x_wconf 89' lang='lat' dir='ltr'>sufficienter</span> <span class='ocrx_word' id='word_1_198' title='bbox 1781 4040 1844 4115; x_wconf 91' lang='lat' dir='ltr'>per</span> <span class='ocrx_word' id='word_1_199' title='bbox 1866 4027 1968 4093; x_wconf 83' lang='lat' dir='ltr'>testes</span> 
     </span>
     <span class='ocr_line' id='line_1_23' title="bbox 560 4142 1963 4242; baseline 0 -27"><span class='ocrx_word' id='word_1_200' title='bbox 560 4143 703 4217; x_wconf 90' lang='lat' dir='ltr'>idoneos</span> <span class='ocrx_word' id='word_1_201' title='bbox 720 4164 835 4218; x_wconf 91' lang='lat' dir='ltr'>coram</span> <span class='ocrx_word' id='word_1_202' title='bbox 850 4146 951 4219; x_wconf 91' lang='lat' dir='ltr'>nobis</span> <span class='ocrx_word' id='word_1_203' title='bbox 964 4145 1060 4241; x_wconf 88' lang='lat' dir='ltr'>quod</span> <span class='ocrx_word' id='word_1_204' title='bbox 1073 4156 1155 4219; x_wconf 90' lang='lat' dir='ltr'>tunc</span> <span class='ocrx_word' id='word_1_205' title='bbox 1164 4145 1462 4242; x_wconf 90' lang='lat' dir='ltr'>deberemusipsis</span> <span class='ocrx_word' id='word_1_206' title='bbox 1474 4144 1649 4219; x_wconf 87' lang='lat' dir='ltr'>canonicis</span> <span class='ocrx_word' id='word_1_207' title='bbox 1660 4145 1773 4217; x_wconf 86' lang='lat' dir='ltr'>tacere</span> <span class='ocrx_word' id='word_1_208' title='bbox 1783 4142 1963 4234; x_wconf 82' lang='lat' dir='ltr'>justitiam,</span> 
     </span>
     <span class='ocr_line' id='line_1_24' title="bbox 559 4264 1968 4366; baseline -0.001 -26"><span class='ocrx_word' id='word_1_209' title='bbox 559 4268 643 4363; x_wconf 87' lang='lat' dir='ltr'>quia</span> <span class='ocrx_word' id='word_1_210' title='bbox 656 4268 907 4363; x_wconf 87' lang='lat' dir='ltr'>querimoniam</span> <span class='ocrx_word' id='word_1_211' title='bbox 921 4291 1025 4343; x_wconf 85' lang='lat' dir='ltr'>cause</span> <span class='ocrx_word' id='word_1_212' title='bbox 1038 4291 1102 4342; x_wconf 90' lang='lat' dir='ltr'>sue</span> <span class='ocrx_word' id='word_1_213' title='bbox 1111 4270 1125 4363; x_wconf 91' lang='lat' dir='ltr'>j</span> <span class='ocrx_word' id='word_1_214' title='bbox 1130 4278 1206 4343; x_wconf 90' lang='lat' dir='ltr'>uste</span> <span class='ocrx_word' id='word_1_215' title='bbox 1218 4280 1254 4342; x_wconf 89' lang='lat' dir='ltr'>et</span> <span class='ocrx_word' id='word_1_216' title='bbox 1267 4270 1514 4344; x_wconf 87' lang='lat' dir='ltr'>rationabiliter</span> <span class='ocrx_word' id='word_1_217' title='bbox 1523 4267 1698 4366; x_wconf 83' lang='lat' dir='ltr'>prosecuti</span> <span class='ocrx_word' id='word_1_218' title='bbox 1713 4266 1874 4357; x_wconf 84' lang='lat' dir='ltr'>luissent;</span> <span class='ocrx_word' id='word_1_219' title='bbox 1893 4264 1968 4339; x_wconf 84' lang='lat' dir='ltr'>dtr-</span> 
     </span>
     <span class='ocr_line' id='line_1_25' title="bbox 558 4388 1969 4490; baseline -0.001 -28"><span class='ocrx_word' id='word_1_220' title='bbox 558 4388 737 4464; x_wconf 87' lang='lat' dir='ltr'>finivimus</span> <span class='ocrx_word' id='word_1_221' title='bbox 751 4413 813 4488; x_wconf 85' lang='lat' dir='ltr'>per</span> <span class='ocrx_word' id='word_1_222' title='bbox 831 4393 1046 4482; x_wconf 83' lang='lat' dir='ltr'>sententiam,</span> <span class='ocrx_word' id='word_1_223' title='bbox 1065 4414 1087 4466; x_wconf 90' lang='lat' dir='ltr'>a</span> <span class='ocrx_word' id='word_1_224' title='bbox 1113 4393 1328 4490; x_wconf 89' lang='lat' dir='ltr'>principibus</span> <span class='ocrx_word' id='word_1_225' title='bbox 1345 4403 1380 4468; x_wconf 90' lang='lat' dir='ltr'>et</span> <span class='ocrx_word' id='word_1_226' title='bbox 1404 4392 1623 4487; x_wconf 77' lang='lat' dir='ltr'>magnatibus</span> <span class='ocrx_word' id='word_1_227' title='bbox 1643 4390 1706 4487; x_wconf 89' lang='lat' dir='ltr'>qui</span> <span class='ocrx_word' id='word_1_228' title='bbox 1724 4403 1808 4463; x_wconf 88' lang='lat' dir='ltr'>tunc</span> <span class='ocrx_word' id='word_1_229' title='bbox 1824 4388 1969 4463; x_wconf 87' lang='lat' dir='ltr'>aderant</span> 
     </span>
     <span class='ocr_line' id='line_1_26' title="bbox 560 4515 1967 4613; baseline -0.002 -25"><span class='ocrx_word' id='word_1_230' title='bbox 560 4515 797 4611; x_wconf 88' lang='lat' dir='ltr'>approbatam,</span> <span class='ocrx_word' id='word_1_231' title='bbox 828 4516 924 4610; x_wconf 89' lang='lat' dir='ltr'>quod</span> <span class='ocrx_word' id='word_1_232' title='bbox 947 4538 1011 4589; x_wconf 91' lang='lat' dir='ltr'>nec</span> <span class='ocrx_word' id='word_1_233' title='bbox 1027 4517 1120 4591; x_wconf 89' lang='lat' dir='ltr'>idem</span> <span class='ocrx_word' id='word_1_234' title='bbox 1138 4518 1323 4613; x_wconf 88' lang='lat' dir='ltr'>episcopus</span> <span class='ocrx_word' id='word_1_235' title='bbox 1345 4538 1411 4590; x_wconf 89' lang='lat' dir='ltr'>nec</span> <span class='ocrx_word' id='word_1_236' title='bbox 1428 4518 1554 4612; x_wconf 87' lang='lat' dir='ltr'>aliquis</span> <span class='ocrx_word' id='word_1_237' title='bbox 1573 4535 1810 4590; x_wconf 87' lang='lat' dir='ltr'>successorum</span> <span class='ocrx_word' id='word_1_238' title='bbox 1825 4534 1967 4586; x_wconf 90' lang='lat' dir='ltr'>suorum</span> 
     </span>
     <span class='ocr_line' id='line_1_27' title="bbox 558 4638 1963 4736; baseline -0.001 -26"><span class='ocrx_word' id='word_1_239' title='bbox 558 4638 687 4711; x_wconf 91' lang='lat' dir='ltr'>habeat</span> <span class='ocrx_word' id='word_1_240' title='bbox 701 4640 757 4711; x_wconf 90' lang='lat' dir='ltr'>vel</span> <span class='ocrx_word' id='word_1_241' title='bbox 771 4638 897 4712; x_wconf 89' lang='lat' dir='ltr'>babere</span> <span class='ocrx_word' id='word_1_242' title='bbox 910 4639 1034 4713; x_wconf 82' lang='lat' dir='ltr'>debeat</span> <span class='ocrx_word' id='word_1_243' title='bbox 1048 4640 1084 4712; x_wconf 92' lang='lat' dir='ltr'>in</span> <span class='ocrx_word' id='word_1_244' title='bbox 1097 4640 1220 4715; x_wconf 84' lang='lat' dir='ltr'>eadem</span> <span class='ocrx_word' id='word_1_245' title='bbox 1234 4641 1377 4715; x_wconf 90' lang='lat' dir='ltr'>ecclesia</span> <span class='ocrx_word' id='word_1_246' title='bbox 1390 4650 1506 4715; x_wconf 89' lang='lat' dir='ltr'>nostra</span> <span class='ocrx_word' id='word_1_247' title='bbox 1515 4642 1667 4736; x_wconf 88' lang='lat' dir='ltr'>aliquam</span> <span class='ocrx_word' id='word_1_248' title='bbox 1677 4638 1963 4732; x_wconf 87' lang='lat' dir='ltr'>jurisdictionem,</span> 
     </span>
     <span class='ocr_line' id='line_1_28' title="bbox 559 4742 1962 4860; baseline 0.001 -29"><span class='ocrx_word' id='word_1_249' title='bbox 559 4762 642 4856; x_wconf 88' lang='lat' dir='ltr'>quia</span> <span class='ocrx_word' id='word_1_250' title='bbox 659 4782 753 4835; x_wconf 90' lang='lat' dir='ltr'>mere</span> <span class='ocrx_word' id='word_1_251' title='bbox 770 4772 804 4835; x_wconf 89' lang='lat' dir='ltr'>et</span> <span class='ocrx_word' id='word_1_252' title='bbox 818 4762 925 4836; x_wconf 87' lang='lat' dir='ltr'>libere</span> <span class='ocrx_word' id='word_1_253' title='bbox 943 4742 1075 4837; x_wconf 75' lang='lat' dir='ltr'>tantum</span> <span class='ocrx_word' id='word_1_254' title='bbox 1093 4764 1139 4838; x_wconf 92' lang='lat' dir='ltr'>ad</span> <span class='ocrx_word' id='word_1_255' title='bbox 1157 4765 1339 4860; x_wconf 90' lang='lat' dir='ltr'>imperinm</span> <span class='ocrx_word' id='word_1_256' title='bbox 1360 4774 1396 4838; x_wconf 90' lang='lat' dir='ltr'>et</span> <span class='ocrx_word' id='word_1_257' title='bbox 1420 4765 1467 4838; x_wconf 89' lang='lat' dir='ltr'>ad</span> <span class='ocrx_word' id='word_1_258' title='bbox 1484 4786 1548 4839; x_wconf 92' lang='lat' dir='ltr'>nos</span> <span class='ocrx_word' id='word_1_259' title='bbox 1562 4762 1752 4837; x_wconf 91' lang='lat' dir='ltr'>dinoscitur</span> <span class='ocrx_word' id='word_1_260' title='bbox 1774 4761 1962 4858; x_wconf 86' lang='lat' dir='ltr'>pertinere,</span> 
     </span>
     <span class='ocr_line' id='line_1_29' title="bbox 560 4884 1964 4984; baseline 0.001 -28"><span class='ocrx_word' id='word_1_261' title='bbox 560 4884 649 4958; x_wconf 91' lang='lat' dir='ltr'>sicut</span> <span class='ocrx_word' id='word_1_262' title='bbox 667 4894 799 4960; x_wconf 88' lang='lat' dir='ltr'>constat</span> <span class='ocrx_word' id='word_1_263' title='bbox 815 4907 861 4959; x_wconf 86' lang='lat' dir='ltr'>ex</span> <span class='ocrx_word' id='word_1_264' title='bbox 874 4886 1021 4961; x_wconf 86' lang='lat' dir='ltr'>diversis</span> <span class='ocrx_word' id='word_1_265' title='bbox 1038 4888 1228 4984; x_wconf 78' lang='lat' dir='ltr'>privilegiis</span> <span class='ocrx_word' id='word_1_266' title='bbox 1244 4889 1359 4965; x_wconf 92' lang='lat' dir='ltr'>eidem</span> <span class='ocrx_word' id='word_1_267' title='bbox 1375 4889 1519 4963; x_wconf 89' lang='lat' dir='ltr'>ecclesie</span> <span class='ocrx_word' id='word_1_268' title='bbox 1534 4887 1676 4962; x_wconf 90' lang='lat' dir='ltr'>indultis</span> <span class='ocrx_word' id='word_1_269' title='bbox 1697 4908 1719 4961; x_wconf 91' lang='lat' dir='ltr'>a</span> <span class='ocrx_word' id='word_1_270' title='bbox 1741 4886 1868 4960; x_wconf 87' lang='lat' dir='ltr'>nostris</span> <span class='ocrx_word' id='word_1_271' title='bbox 1884 4907 1964 4982; x_wconf 90' lang='lat' dir='ltr'>pro·</span> 
     </span>
    </p>
   </div>
   <div class='ocr_carea' id='block_1_5' title="bbox 0 0 2434 6359">
    <p class='ocr_par' dir='ltr' id='par_1_5' title="bbox 0 0 2434 6359">
     <span class='ocr_line' id='line_1_30' title="bbox 0 0 2434 6359; baseline 0 9"><span class='ocrx_word' id='word_1_272' title='bbox 0 0 2434 6359; x_wconf 95' lang='lat' dir='ltr'> </span> 
     </span>
    </p>
   </div>
  </div>
 </body>
</html>
