4859 6359
612 777 673 838 'llo
1128 775 1301 836 llllNlllGl
1326 775 1494 838 sarultlt
1629 833 1635 842 ,
1835 770 1913 852 [Ana.
1930 769 2021 832 last.

611 911 726 985 edicto
739 931 881 1006 prorsus
895 910 941 982 ab
957 907 1296 1002 eodemeximimus3
1313 919 1503 986 statuentes
1516 931 1562 983 ne
1575 929 1730 1003 unquam
1741 907 1859 1002 aliqua
1874 926 2022 1003 persona

611 1035 841 1110 ecclesiastica
853 1035 910 1107 vel
928 1034 1093 1107 secularia
1108 1057 1214 1130 super
1228 1034 1295 1108 hoc
1315 1057 1374 1108 eos
1390 1035 1552 1108 infestare
1568 1041 1760 1128 attemptet,
1782 1031 1858 1104 aive
1880 1030 1916 1102 in
1934 1029 2019 1102 civi·

613 1169 683 1232 tate
695 1159 770 1232 sive
784 1167 883 1230 extra
897 1157 943 1230 sit
954 1158 1148 1230 constituta.
1160 1158 1318 1232 Preterea
1335 1179 1399 1232 nos
1411 1178 1474 1255 per
1482 1157 1600 1232 omnia
1608 1164 1794 1251 sequentes
1804 1153 2023 1249 privilegium

612 1283 736 1379 prelati
766 1282 981 1376 imperatoris
1005 1283 1143 1354 Henrici
1160 1281 1416 1377 predecessoris
1436 1281 1562 1374 nostri,
1591 1279 1732 1354 eosdem
1754 1279 1849 1352 cives
1864 1277 1910 1350 ab
1927 1276 2023 1350 omni

561 1494 564 1499 ¹
613 1406 773 1480 theloneo
785 1403 883 1500 qnod
901 1404 937 1475 iu
947 1405 1085 1478 civitate
1095 1415 1180 1478 tunc
1193 1405 1357 1502 temporis
1367 1405 1442 1479 dari
1458 1405 1590 1481 solebat
1605 1405 1732 1477 liberos
1744 1403 1939 1494 statuimus,
1956 1409 2023 1476 eta

613 1531 782 1604 solutione
790 1549 1010 1601 nummorum
1019 1551 1108 1624 qnos
1119 1531 1228 1624 vulgo
1234 1530 1508 1627 Banphenniuge
1516 1538 1552 1603 et
1560 1529 1695 1602 illorum
1705 1547 1793 1622 quos
1801 1525 2025 1621 Schozphen-

616 1655 721 1749 ninge
736 1655 1039 1749 appellaveruntet
1048 1654 1178 1750 piperis
1186 1652 1283 1748 quod
1293 1653 1339 1727 de
1349 1654 1498 1728 navibus
1511 1653 1607 1748 exigi
1621 1653 1766 1744 solebat,
1778 1671 1839 1724 eos
1849 1650 2025 1723 absolutos

613 1779 889 1876 pronuntiamus.
913 1779 1081 1850 Volumus
1103 1778 1206 1851 etiam
1232 1787 1271 1858 ut
1295 1756 1412 1851 nullus
1433 1777 1562 1850 civium
1584 1775 1785 1850 eorumdem
1809 1783 1908 1848 extra
1927 1773 2025 1846 urbis

616 1903 784 1976 ambitum
798 1901 959 1976 advocati
976 1902 1030 1973 sui
1050 1901 1214 1997 placitum
1229 1911 1375 1996 cogatur
1386 1902 1573 1996 requirere.
1597 1901 1764 1974 Volumus
1778 1899 1882 1972 etiam
1893 1905 1933 1969 ut
1945 1897 2025 1969 nul·

613 2028 668 2098 lus
686 2025 816 2097 civium
838 2025 991 2118 ipsorum
1013 2025 1117 2097 alicui
1143 2023 1316 2100 exactioni
1338 2034 1438 2098 extra
1458 2025 1631 2098 civitatem
1651 2025 1738 2097 lacta
1758 2022 1929 2096 derebus
1951 2021 2024 2094 suis

613 2149 800 2222 mobilibus
809 2149 867 2220 vel
882 2147 1115 2221 immobilibus
1128 2150 1323 2242 subjaceat,
1341 2149 1458 2222 nullus
1471 2151 1641 2245 prefectus
1655 2157 1716 2220 ant
1732 2147 1879 2240 alicujus
1893 2144 2025 2219 domini

614 2273 763 2344 nuncius
779 2271 826 2344 ad
844 2271 1021 2344 servitium
1045 2273 1178 2346 domini
1203 2274 1258 2345 sni
1280 2295 1302 2347 a
1320 2271 1526 2370 panificibus
1543 2273 1599 2346 vel
1624 2294 1646 2346 a
1669 2269 1874 2345 macellariis
1895 2289 1958 2342 seu
1979 2268 2027 2342 ab

615 2397 731 2489 aliquo
745 2415 871 2490 genere
883 2394 1061 2468 hominum
1077 2398 1112 2469 in
1132 2399 1274 2472 civitate
1288 2420 1362 2471 rem
1375 2399 1526 2493 aliquam
1541 2395 1704 2470 mobilem
1718 2395 1775 2470 vel
1792 2415 1868 2469 sese
1883 2413 2026 2468 moven-

613 2529 683 2591 tem
700 2528 876 2614 presumat
893 2520 966 2616 illis
977 2520 1097 2593 invitis
1110 2523 1258 2596 aniene.
1275 2523 1399 2595 Nullus
1414 2543 1568 2618 unquam
1584 2522 1705 2594 unum
1722 2519 1818 2616 quod
1836 2517 2027 2616 appellatur

613 2625 757 2717 banwin
783 2653 960 2738 presumat
986 2644 1139 2717 vendere
1160 2653 1221 2718 ant
1238 2645 1385 2741 alicujus
1406 2647 1494 2720 civis
1517 2646 1633 2720 navim
1651 2645 1698 2718 ad
1717 2666 1807 2742 opus
1821 2643 1876 2716 sui
1895 2641 2026 2717 domini

614 2767 673 2840 illc
688 2767 798 2840 invite
818 2767 986 2863 accipere.
1007 2769 1201 2842 Statuentes
1216 2791 1358 2864 queque
1379 2779 1417 2843 ut
1439 2769 1485 2844 ab
1503 2770 1547 2843 iis
1564 2770 1626 2866 qui
1643 2791 1698 2842 res
1713 2767 1872 2865 proprias
1882 2765 2028 2863 propriis

613 2893 688 2966 sive
710 2891 891 2965 conductis
915 2893 1066 2965 navibus
1088 2894 1330 2985 transvehunt,
1353 2895 1459 2967 nichil
1480 2896 1621 2968 omnino
1648 2894 1825 2988 exigatur,
1853 2899 2028 2964 monetam

614 3037 755 3113 quoque
770 3016 864 3089 nulla
879 3024 1028 3111 potestas
1041 3016 1078 3088 in
1087 3018 1197 3090 levius
1210 3027 1272 3091 aut
1286 3019 1323 3090 in
1332 3019 1484 3094 deterius
1497 3019 1676 3092 imminuat
1691 3027 1752 3091 aut
1770 3017 1884 3111 aliqua
1897 2999 2030 3088 ratione

617 3141 684 3213 nisi
701 3140 876 3213 communi
891 3140 1022 3212 civium
1046 3141 1190 3214 consilio
1207 3151 1391 3237 permutet.
1412 3141 1535 3217 Nullus
1551 3143 1596 3215 ab
1613 3143 1665 3214 eis
1686 3141 1875 3214 thelonium
1897 3140 1933 3211 iu
1958 3147 2029 3212 toto

617 3265 815 3360 episcopatu
831 3271 892 3335 aut
912 3263 949 3334 in
966 3263 1050 3340 locis
1066 3263 1254 3358 fiscalibus,
1275 3265 1313 3340 id
1336 3275 1389 3340 est
1405 3266 1451 3340 ad
1467 3266 1647 3338 utilitatem
1659 3265 1793 3361 imperii
1809 3263 2029 3360 singulariter

620 3385 882 3484 pertinentibus,
902 3386 1119 3482 extorqueat.
1138 3389 1176 3462 Si
1192 3389 1272 3482 quis
1288 3399 1419 3464 curtem
1429 3399 1490 3462 aut
1506 3389 1648 3463 domum
1661 3411 1724 3485 per
1739 3410 1869 3461 annum
1886 3395 1920 3460 et
1935 3386 2027 3460 diem

620 3511 695 3583 sine
710 3508 981 3583 contradictione
993 3511 1203 3606 possederit,
1225 3513 1310 3586 nulli
1327 3515 1393 3587 hoc
1405 3514 1540 3588 interim
1556 3513 1676 3586 scienti
1693 3513 1780 3584 ultra
1793 3511 1875 3585 inde
1888 3531 2028 3608 respon·

621 3634 712 3706 deut.
734 3633 880 3706 Causam
897 3633 933 3704 in
952 3633 1092 3707 civitate
1103 3637 1174 3728 jam
1187 3637 1248 3709 lite
1261 3645 1484 3712 contestatam
1497 3659 1565 3710 non
1577 3637 1827 3734 episcopusaut
1835 3635 1950 3730 aliqua
1964 3655 2030 3730 po-

621 3768 726 3831 testas
743 3769 841 3830 extra
853 3757 1028 3831 civitatem
1041 3758 1262 3833 determinari
1273 3762 1466 3858 compellat.
1484 3760 1671 3856 Argentiue
1681 3761 1876 3834 theloneum
1889 3759 1934 3833 de
1947 3757 2030 3831 naui

619 3903 689 3954 non
705 3881 780 3975 plus
795 3901 900 3976 quam
914 3881 1079 3955 tredecim
1095 3882 1255 3969 denarios
1269 3884 1351 3958 dare
1364 3895 1542 3980 cogantur.
1559 3869 1603 3958 U't
1618 3895 1734 3958 autem
1749 3885 1814 3958 bec
1829 3891 1943 3956 nostre
1954 3904 2029 3954 ma·

618 4005 751 4102 jestatis
764 4004 977 4077 confirmatio
985 4007 1021 4077 in
1035 4028 1138 4080 omne
1148 4028 1252 4080 evum
1267 4018 1341 4081 rata
1353 4009 1821 4106 etinconvulsapermaneat,
1836 4016 2029 4104 presentem

621 4130 784 4224 paginam
808 4130 977 4201 conscribi
992 4131 1161 4222 jussimus
1186 4141 1221 4204 et
1246 4133 1350 4226 sigilli
1369 4134 1474 4206 nostri
1494 4111 1719 4230 impressione
1742 4131 1964 4206 corroborari.
1994 4130 2029 4202 Si

622 4254 797 4349 quievero
815 4273 902 4324 ausu
922 4254 1103 4327 temerario
1116 4276 1192 4327 eam
1205 4257 1451 4353 presumpserit
1462 4257 1592 4330 violare
1606 4257 1662 4330 vel
1676 4257 1791 4351 aliquo
1804 4254 1906 4328 modo
1920 4263 2030 4327 atten-

624 4389 713 4468 tare,
733 4387 870 4450 centum
892 4378 997 4450 libras
1011 4379 1087 4450 auri
1105 4379 1181 4474 puri
1202 4402 1264 4475 pro
1280 4401 1371 4476 pena
1391 4379 1477 4456 fiseo
1496 4381 1683 4478 imperialis
1700 4402 1833 4454 camere
1846 4381 2028 4476 persolvat.

671 4504 781 4595 Hujus
794 4502 842 4574 rei
854 4511 956 4575 testes
967 4510 1073 4574 sunt:
1093 4503 1269 4600 Philippus
1281 4505 1492 4578 Coloniensis
1507 4505 1797 4602 archiepiscopus,
1816 4505 2032 4576 Hermannus

625 4626 902 4700 lllonasteriensis
920 4627 1119 4724 episcopus,
1145 4629 1311 4704 liudolfus
1334 4630 1519 4726 imperialis
1543 4632 1622 4704 aule
1642 4629 1930 4724 prothonotarius‚
1956 4628 2032 4700 Bal·

626 4749 788 4824 dawinus
811 4751 1036 4844 Trajectensis
1058 4753 1260 4849 episcopus,
1289 4733 1469 4828 Heinricus
1495 4757 1605 4848 major
1624 4755 1817 4850 prepositus
1839 4753 2030 4850 Spirensis,

625 4873 797 4947 lohannes
810 4876 1002 4970 prepositus
1014 4877 1129 4949 Sancti
1143 4877 1321 4972 Germani,
1343 4877 1500 4952 Andreas
1517 4879 1681 4973 magister
1699 4879 1889 4970 scolarum,
1906 4876 2034 4951 lohan-
