4859 6359
407 771 568 850 psnrcr.9.]
856 769 1051 832 HISTORIA
1077 771 1374 834 ntetottetht.
1752 771 1813 836 883

455 905 495 977 ln
511 906 651 978 nomine
669 913 786 978 sancte
802 914 837 977 et
854 905 1036 978 individue
1056 907 1238 980 Trinitatis.
1254 906 1449 978 Fridericns
1473 905 1666 995 secundos,
1693 903 1811 979 divina

407 1029 546 1102 favente
563 1029 741 1101 clementia
760 1029 991 1102 Romanorum
1009 1031 1192 1126 imperator
1209 1051 1344 1124 semper
1362 1039 1550 1122 augustus,
1574 1028 1761 1102 Jerusalem
1779 1038 1814 1101 et

407 1150 522 1225 Sicilie
536 1174 599 1226 rex
603 1204 1135 1226 ..............
1153 1155 1317 1227 volumus
1330 1173 1405 1224 esse
1418 1161 1537 1224 notum
1553 1150 1650 1244 quod
1666 1172 1812 1224 venere·

406 1273 485 1346 bilis
498 1276 592 1370 prior
606 1285 640 1348 et
647 1285 838 1348 conventus
856 1277 1053 1350 monasterii
1067 1277 1348 1366 Patemiaoensis,
1364 1273 1484 1348 fideles
1497 1275 1617 1367 nostri,
1633 1274 1811 1370 quoddam

406 1399 626 1494 privilegium
647 1400 698 1473 eis
718 1399 890 1474 indultum
918 1423 939 1472 a
962 1401 1045 1474 divo
1072 1423 1139 1475 avo
1164 1409 1281 1473 nostro
1304 1398 1486 1472 Frederioo
1508 1399 1637 1495 inclyte
1657 1400 1813 1473 recorda·

407 1521 508 1594 tionis
532 1532 681 1617 augusto
704 1533 857 1618 tempore
877 1525 974 1618 regni
996 1526 1051 1597 sui
1068 1533 1183 1598 nostre
1201 1523 1397 1596 celsitudini
1417 1531 1673 1618 presentarunt3
1693 1522 1815 1596 bumi-

406 1644 484 1716 liter
513 1647 746 1742 supplicantes
776 1657 816 1719 ut
842 1647 929 1720 illud
954 1648 1005 1720 eis
1034 1648 1200 1722 innovare
1226 1648 1272 1721 de
1299 1656 1414 1720 nostra
1439 1647 1549 1741 gratia
1576 1646 1811 1742 dignaremur.

406 1767 511 1860 CuJus
524 1781 621 1842 tenor
636 1780 689 1844 est
706 1793 766 1867 per
783 1773 899 1845 omnia
915 1773 1016 1846 talis:

458 1893 497 1963 ln
522 1895 661 1966 nomine
684 1904 803 1968 sancte
823 1903 858 1968 et
884 1894 1068 1969 individue
1090 1895 1275 1966 Trinitatis.
1297 1893 1508 1986 inidoneus,
1533 1891 1654 1968 divina
1681 1897 1817 1969 favente

409 2015 589 2090 elementia
614 2019 844 2090 Romanorum
873 2039 937 2092 rex
962 2026 1142 2114 augustus.
1163 2020 1248 2092 Cum
1268 2018 1421 2090 ecclesiis
1443 2018 1505 2090 Ilei
1530 2039 1592 2112 per
1615 2011 1816 2092 universum

409 2148 565 2212 nostrum
580 2140 765 2237 imperinm
777 2142 969 2216 constitutis
982 2143 1078 2237 regia
1092 2163 1155 2214 nos
1168 2141 1291 2214 deceat
1306 2141 1507 2214 auctoritato
1521 2141 1711 2233 consulere,
1732 2142 1818 2217 illud

280 2339 286 2351 ,
409 2263 574 2358 precipue
603 2265 649 2336 ob
679 2265 800 2338 salutis
830 2275 945 2339 nostro
977 2265 1238 2361 prosperitatem
1272 2265 1439 2338 duximus
1471 2265 1816 2339 animadvertendum

408 2396 581 2480 quatenus
593 2389 673 2480 jura
696 2388 921 2462 donationum
941 2389 985 2462 ab
1003 2389 1276 2462 antecessoribus
1292 2389 1417 2461 nostris
1432 2389 1572 2482 regibus
1586 2411 1648 2461 sen
1668 2390 1815 2484 impera·

409 2510 541 2583 toribus
555 2513 611 2606 pie
622 2512 817 2587 devotionis
835 2514 961 2586 intuitu
979 2515 1134 2587 ecclesiis
1151 2534 1326 2604 concessa,
1347 2513 1681 2586 nostraauctoritate
1696 2515 1818 2586 usibus

410 2635 563 2730 ipsorum
575 2635 824 2732 inperpetuum
839 2639 1017 2734 profutura
1031 2638 1276 2711 inviolabiliter
1283 2658 1540 2710 conservemus.
1552 2638 1740 2732 Eapropter
1749 2649 1818 2710 tam

410 2759 602 2832 futurorum
622 2781 729 2854 quam
751 2761 961 2856 presentium
986 2763 1092 2835 solers
1116 2762 1253 2835 noverit
1275 2761 1445 2834 industria
1461 2760 1558 2855 quod
1575 2782 1640 2834 nos
1662 2759 1819 2833 fidelium

410 2893 604 2956 nostrorum
630 2883 839 2958 confratrum
865 2885 1177 2959 Paterniaceneium
1205 2885 1453 2980 querimoniam
1481 2892 1598 2956 eontra
1625 2884 1819 2956 Oudelbar-
1856 2921 1859 2926 ·

413 3005 522 3079 dbnm
537 3007 582 3080 de
594 3007 786 3106 Vivicis(l)
800 3008 845 3082 de
861 3010 948 3081 corti
965 3031 1035 3105 que
1048 3011 1190 3083 Kercers
1206 3007 1257 3106 (2)
1272 3016 1505 3103 nuncupatur,
1524 3008 1644 3101 inqua
1661 3009 1738 3104 ipse
1750 3008 1821 3081 ad-

410 3132 580 3205 vocatiam
598 3140 715 3204 contra
731 3133 863 3206 sancita
879 3134 1139 3229 privilegiorum
1153 3131 1436 3228 predecessorum
1452 3141 1645 3204 nostrorum
1663 3133 1819 3206 obtinere

410 3254 572 3343 volebat,
598 3277 661 3351 pro
680 3256 796 3329 debito
813 3266 929 3330 uostm
944 3259 1126 3330 clementer
1144 3257 1378 3346 admittentes,
1404 3277 1451 3329 ex
1462 3255 1593 3347 jndicio
1619 3257 1814 3352 principum

410 3385 602 3449 nostrorum
634 3381 765 3474 prelato
798 3380 1040 3454 Oudelbardbo
1068 3381 1230 3455 eamdem
1267 3357 1485 3453 advocatiam
1515 3380 1583 3451 sibi
1618 3391 1819 3477 usurpatam

408 3502 668 3595 quassavimue;
688 3512 875 3578 statuentes
889 3514 928 3577 ut
938 3507 1048 3579 necin
1063 3505 1219 3601 predicto
1231 3507 1306 3578 loco
1319 3504 1418 3576 velin
1430 3504 1710 3598 quibuscumque
1726 3528 1814 3601 pos-

411 3625 623 3698 sessionibus
645 3625 691 3699 ad
718 3626 810 3700 idem
828 3627 1021 3700 cenobium
1047 3628 1298 3724 pertinentibus
1316 3628 1441 3722 aliquis
1466 3628 1609 3721 aliquod
1631 3631 1690 3722 jus
1711 3629 1820 3703 advo·

413 3749 501 3821 cotie
517 3749 584 3820 sibi
599 3771 768 3846 usurpare
785 3762 976 3848 presumat,
997 3751 1062 3826 sed
1087 3753 1196 3826 abbas
1218 3751 1453 3826 cluniacensis
1468 3762 1538 3824 tam
1555 3773 1695 3846 presens
1712 3775 1818 3848 quam

412 3893 627 3947 successores
647 3875 755 3970 ipsius
772 3897 819 3950 ex
833 3878 975 3949 fratrum
993 3876 1306 3950 Patemiaoensium
1321 3875 1488 3948 electione
1499 3875 1729 3950 constituendi
1746 3878 1819 3950 ad-

411 4006 587 4096 vocatum,
604 3999 696 4072 sicut
710 4001 755 4073 ab
774 4002 1049 4076 antecessoribus
1066 4001 1190 4074 nostris
1202 4010 1368 4074 statutum
1381 4011 1445 4089 est,
1461 4001 1604 4074 liberam
1615 3992 1817 4098 potestatem

410 4121 572 4194 babeant.
604 4123 834 4197 Nihilominus
865 4127 968 4199 etiam
1000 4125 1218 4199 decernimus
1241 4136 1279 4197 ut
1305 4146 1541 4220 quaecumque
1562 4127 1813 4220 possessiones,

411 4267 633 4341 quecumque
649 4248 754 4340 bona,
772 4271 896 4322 census
911 4251 968 4323 vel
982 4251 1153 4345 quoslibet
1165 4249 1322 4322 redditus
1336 4250 1481 4321 ecclesia
1496 4249 1765 4322 Patemiaoensis
1781 4253 1818 4320 in

412 4371 664 4465 presentiarum
678 4372 830 4466 possidet
842 4384 902 4446 aut
923 4374 958 4444 in
977 4376 1130 4446 futurum
1147 4372 1366 4446 concessione
1373 4395 1508 4468 regum,
1527 4373 1707 4466 largitione
1723 4394 1819 4467 pon-

531 4803 1819 4881 itioselegltGuicbenonHermiaLocusKercars,latineddccroereaetgallice,0ltictres,inprae·

430 4922 437 4947 ι
527 4901 1509 4978 lloratensi,luerataBertbareginsburgundiaemonasteriol'utsmiaci
1520 4907 1819 4984 mucoeemannotdi.

528 4997 564 5061 V.
586 5017 641 5062 Pam
654 5017 675 5060 2.
1605 5011 1660 5063 105
