4859 6359
354 727 456 797 ΙΙῦιιτ.
475 722 517 807 7.]
807 722 1004 787 HISTORIA
1029 716 1324 783 emaculatae.

573 1007 1552 1050 ς-κ-ηυ-οφ-ὲ--Η--ιῌ-μ-η-ωω--ω-*κ-η--ῴ

411 1282 616 1408 Ηφηιίοιιέ,
630 1276 898 1414 Βοώιιιιοιιιιιι
926 1292 1011 1410 rex,
1031 1298 1071 1413 iq
1088 1267 1369 1413 protectionem·
1384 1320 1494 1403 snam
1512 1296 1670 1407 suscipit
1686 1322 1775 1380 mo-
1810 1314 1968 1423 ,fflm’

358 1414 577 1517 nesterium‘
592 1411 1236 1545 'sanctimonialiumflimmelthab
1258 1413 1468 1538 specialiter
1492 1431 1704 1515 concedens
1731 1443 1774 1514 ut
1818 1425 1957 1470 “M

359 1542 636 1676 quaecumque
651 1560 770 1671 bona,
795 1552 1149 1647 aministerialibus
1168 1563 1247 1653 site
1272 1561 1543 1647 inbeneficiatis
1561 1573 1627 1648 aut
1654 1566 1772 1648 servis
1896 1610 1900 1617 ¹

359 1699 476 1809 regiis
498 1698 684 1809 acquisita
708 1708 746 1781 et
769 1698 949 1807 deinceps
975 1696 1232 1806 acquirenda,
1255 1696 1380 1778 eidem
1400 1704 1483 1777 rata
1510 1708 1770 1806 permaneant.

442 1939 559 2013 (Edldtt
573 1938 730 2019 cuperus,
743 1936 816 2007 Cod.
827 1936 977 2021 diplom
992 1938 1143 2019 Mepnat„
1152 1944 1226 1999 tom.
1237 1937 1280 2020 ll,
1287 1954 1319 2015 p.
1335 1945 1387 2013 ot,
1400 1946 1436 1997 n·
1449 1946 1501 2013 ea,
1512 1954 1552 2010 ex
1563 1938 1769 2020 autographo.)

407 2152 589 2237 Honricus,
604 2152 666 2235 Dei
675 2136 786 2248 gratia
794 2154 1023 2227 Romanorum
1030 2175 1094 2225 rex
1101 2160 1461 2246 etsemperaugustns.
1476 2152 1771 2247 Regiemajestatis

360 2286 478 2349 nostre
494 2276 610 2349 titulos
626 2286 742 2351 eterne
759 2278 831 2351 vite
843 2276 977 2373 premio
992 2286 1028 2349 et
1045 2274 1241 2371 temporalis
1259 2276 1367 2369 glorie
1388 2276 1597 2349 incremento
1619 2299 1774 2353 cresccre

361 2398 537 2473 credimus
554 2402 743 2493 mengeri,
763 2402 792 2474 si
808 2398 1047 2495 religiosarum
1071 2422 1295 2497 personarum
1316 2398 1498 2473 desideriis
1521 2400 1673 2473 favorem
1687 2423 1773 2496 pre-

360 2523 540 2597 buerimns
552 2524 726 2599 efficacem
735 2528 753 2617 ‚'
764 2534 800 2598 et
819 2548 884 2597 nec
901 2547 961 2598 eas
979 2546 1165 2621 pravorum
1186 2523 1366 2597 hominum
1388 2524 1552 2597 molestiis
1568 2526 1692 2617 agitari
1709 2547 1773 2599 nec

361 2647 397 2718 in
413 2648 517 2720 bonis
534 2649 587 2722 eis
598 2650 823 2721 attinentibus
834 2650 927 2745 ipsas
941 2650 1112 2745 patiamur
1127 2645 1349 2744 dispendium
1362 2650 1542 2721 sustinere.
1559 2651 1774 2747 Quapropter

361 2773 499 2845 noverit
516 2794 657 2867 presens
671 2780 744 2845 etas
759 2782 794 2845 et
816 2772 928 2847 omnis
944 2782 1104 2848 secutura
1121 2774 1301 2868 posteritas
1315 2794 1379 2845 uos
1396 2774 1583 2845 claustrum
1600 2776 1696 2869 quod
1714 2775 1774 2847 di-

362 2896 451 2968 citur
459 2896 630 2969 Himeldal
644 2894 786 2993 (llcum
800 2896 1045 2991 omnibusejus
1055 2896 1222 2993 personis,
1234 2897 1337 2970 rebus
1351 2906 1386 2967 et
1398 2896 1569 2969 universis
1580 2899 1772 2993 possessio·

362 3020 467 3093 nibus
485 3030 557 3092 tam
572 3020 674 3093 'cultis
689 3044 794 3117 quam
808 3022 947 3094 incultis
964 3045 1051 3119 quas
1069 3022 1141 3096 Deo
1158 3020 1364 3117 propitiante
1378 3042 1471 3091 nunc
1488 3019 1640 3117 possidet
1657 3030 1717 3093 aut
1734 3021 1771 3093 in

362 3146 518 3217 futurum
533 3144 712 3239 largitione
728 3169 849 3241 regum
866 3148 924 3221 vel
940 3146 1157 3243 principum,
1183 3128 1403 3218 concessione
1430 3143 1650 3239 pontificum,
1670 3146 1774 3219 obla-

362 3269 456 3342 tione
470 3268 627 3342 fidclium
647 3292 708 3343 seu
723 3271 800 3343 aliis
812 3270 1045 3363 justismodis
1063 3278 1234 3367 prestante
1249 3269 1395 3340 Domino
1412 3270 1536 3364 poterit
1551 3270 1715 3365 adipisci,
1736 3270 1773 3341 in

364 3403 518 3467 nostram
548 3395 728 3468 tuitionem
757 3394 1062 3490 defensionemque
1083 3392 1316 3479 omnimodam
1347 3392 1552 3487 suscepisse.
1577 3392 1777 3487 Specialiter

364 3528 479 3593 autem
495 3529 745 3615 prememorato
759 3519 967 3593 monasterio
984 3528 1020 3591 et
1045 3541 1142 3591 sacro
1166 3518 1479 3590 sanctimonialium
1501 3515 1645 3610 collegio
1661 3517 1697 3587 iu
1715 3516 1776 3588 lli·

364 3642 492 3717 mcldal
510 3644 618 3739 regali
638 3644 839 3717 auctoritate
860 3642 1082 3717 concedimus
1101 3652 1141 3713 ut
1167 3664 1387 3737 quecumque
1406 3642 1516 3733 bona,
1538 3662 1778 3737 quascumque

364 3768 602 3863 possesiones
622 3790 643 3842 a
665 3768 947 3867 ministerialibus
967 3768 1043 3841 sive
1067 3765 1317 3840 inbeneficiatis
1338 3774 1399 3838 ant
1426 3766 1536 3839 servis
1562 3766 1687 3839 nostris
1712 3788 1776 3861 per

365 3892 615 3989 coemptionem
643 3893 697 3965 vel
721 3891 963 3971 concambium
982 3891 1264 3991 receperuntlvel
1292 3911 1453 3989 processu
1477 3890 1641 3986 temporis
1660 3891 1779 3985 aliquo

365 4016 551 4111 emptionis
578 4016 636 4093 vel
655 3994 935 4092 commutationis
960 4024 1042 4087 sunt
1060 4015 1159 4087 titulo
1186 4023 1381 4111 receptore,
1408 4024 1470 4090 aut
1491 4016 1520 4085 si
1541 4014 1778 4087 ministeriales

367 4141 423 4212 vel
441 4140 673 4213 inbeneficiati
697 4163 758 4236 seq
786 4142 878 4237 servi
900 4140 1009 4213 nostri
1031 4139 1149 4235 aliqua
1175 4140 1226 4215 cis
1247 4140 1282 4210 iu
1302 4139 1507 4213 monasterio
1523 4148 1700 4244 proterente
1715 4160 1778 4233 pro

369 4267 440 4335 Deo
457 4264 550 4337 boua
565 4250 769 4337 contulerint
789 4266 844 4337 vel
863 4264 1013 4361 presenti
1031 4274 1184 4359 tempore
1209 4265 1438 4353 coutulerunt,
1455 4273 1528 4335 rata
1546 4265 1596 4335 eis
1611 4274 1645 4335 et
1661 4265 1779 4334 incon-

1014 4462 1550 4471 —ss---..--—-.-..s.—...—-.----—-

410 4567 447 4641 (t)
465 4570 544 4626 Anno
558 4572 638 4642 ⁴232,
654 4572 688 4627 ⁴7
701 4572 853 4642 novembr„
864 4571 1124 4629 Ludewicuscomes
1137 4571 1171 4627 de
1182 4571 1300 4627 lliencclr
1310 4570 1422 4627 dederat
1431 4570 1565 4627 Salomoni
1577 4570 1704 4627 canonico
1717 4570 1783 4628 Her·

373 4662 507 4738 bipolensi
518 4668 723 4739 monasterium,
732 4668 831 4741 villam,
841 4668 1023 4726 molendinum
1032 4676 1059 4725 et
1070 4674 1176 4724 caetera
1187 4668 1328 4725 attinentia
1341 4668 1369 4723 in
1380 4664 1534 4753 Wollberg,
1549 4682 1581 4724 ea
1593 4668 1744 4725 conditione
1755 4672 1786 4724 ut

372 4759 476 4818 ibidem
498 4764 658 4821 coenobium
684 4765 839 4822 monialium
865 4764 1049 4823 cisterciensis
1070 4764 1171 4822 ordinis
1194 4764 1382 4834 constituerem
1407 4762 1479 4837 quod
1499 4771 1593 4837 postea
1613 4763 1784 4821 llimmelthal

374 4856 465 4928 (calls
477 4859 563 4934 Coeli)
577 4867 703 4922 uocatum
715 4869 766 4921 est.
781 4862 822 4921 ct.
837 4862 961 4937 (lunum,
977 4863 1044 4923 coc.
1056 4862 1180 4936 diplom„
1195 4864 1247 4933 tl,
1260 4878 1288 4936 p.
1303 4864 1365 4921 ott.
1408 4866 1412 4877 ’
