4859 6359
398 748 497 811 burm.
514 748 560 827 5.]
847 744 1043 807 lllS'l'Oltld
1068 742 1361 806 nlnnottnrlct.
1747 741 1806 804 tul

480 882 571 962 (solt.
585 897 635 960 ap.
647 876 812 943 num
834 876 1047 957 Wartrrttstt,
1057 896 1128 941 nnn.
1144 888 1234 955 rare,
1247 888 1282 941 n·
1294 886 1345 953 ιι,
1358 894 1392 956 p.
1401 874 1485 956 ιιι.)

446 1072 490 1143 Η.
516 1068 580 1143 Dei
597 1068 707 1161 guda
724 1068 954 1141 Romanorum
976 1088 1040 1141 rex
1058 1074 1094 1139 et
1111 1087 1248 1163 semper
1266 1074 1454 1160 angustus,
1482 1064 1653 1137 universis
1671 1063 1808 1160 imperii

398 1190 559 1268 fidelibus
573 1192 702 1288 quibus
717 1212 859 1289 presens
875 1190 1039 1287 scriptum
1051 1188 1246 1264 exhibitum
1260 1188 1363 1262 fuerit
1377 1188 1522 1285 grau’am
1538 1210 1638 1262 suam
1654 1198 1689 1263 et
1706 1210 1810 1265 omne

397 1316 539 1392 bonum.
558 1316 643 1391 Cum
660 1338 703 1391 ea
727 1338 797 1411 que
814 1314 1067 1389 aserenissimo
1088 1313 1230 1387 domino
1247 1314 1452 1409 imperatore
1468 1321 1566 1409 patre
1589 1322 1705 1387 nostro
1722 1335 1809 1387 nec·

398 1461 468 1514 non
490 1462 512 1514 a
535 1438 636 1513 nobis
660 1438 717 1535 pie
741 1447 776 1513 et
801 1436 947 1535 provide
974 1446 1069 1532 gestu
1100 1446 1200 1525 snnt,
1229 1436 1382 1511 maxime
1403 1435 1452 1509 ad
1481 1436 1679 1511 subsidium
1706 1438 1810 1512 Terre

397 1566 521 1637 Sancte
536 1573 572 1636 et
588 1563 718 1637 ibidem
734 1564 807 1637 Deo
822 1562 1075 1651 tamulantium,
1094 1560 1139 1635 de
1154 1560 1246 1635 lucili
1264 1582 1333 1634 non
1351 1560 1540 1634 debeamus
1554 1584 1620 1634 nec
1636 1563 1810 1659 possimus

397 1688 435 1759 in
453 1687 589 1759 irritum
604 1707 782 1777 revocare,
798 1706 878 1759 cnm
896 1685 1019 1760 eadem
1032 1685 1221 1759 debeamus
1234 1685 1350 1781 potius
1363 1685 1539 1780 ampliare,
1554 1682 1637 1758 hinc
1649 1684 1810 1781 estquod

398 1808 446 1885 ad
465 1811 622 1885 notitiam
639 1808 879 1885 universorum
895 1810 1054 1907 cnpimns
1069 1810 1251 1907 pervenire
1270 1809 1367 1907 quod
1385 1808 1605 1883 donationem
1623 1832 1729 1905 φιιιιι
1749 1811 1811 1883 in-

400 1936 502 2009 clitus
519 1935 681 2010 dominus
700 1934 884 2030 imperator
901 1942 1126 2030 paternoster
1146 1945 1181 2009 et
1202 1956 1265 2008 nos
1282 1933 1500 2031 postmodnm
1521 1934 1568 2007 ad
1586 1932 1810 2008 imitationem

399 2060 477 2153 ejus
494 2059 616 2133 facisse
631 2059 843 2133 dinoscimur
864 2058 1026 2131 fratribus
1044 2057 1169 2132 domus
1184 2057 1472 2132 Theutonicorum
1490 2056 1670 2155 hospitalis
1688 2058 1813 2131 Sancte

398 2184 507 2258 llarie
523 2183 560 2256 in
578 2182 791 2257 Hierusalem
809 2182 846 2254 in
864 2184 1007 2257 ecclesia
1024 2182 1154 2257 Chnniz
1171 2182 1232 2255 ubi
1247 2182 1457 2279 mundoque
1479 2182 1697 2279 prepositura
1712 2185 1809 2259 exis·

399 2308 513 2399 tcbat,
540 2316 648 2380 ratem
677 2306 806 2380 habere
829 2307 992 2379 volumus
1017 2315 1052 2379 et
1081 2316 1248 2401 perpetuo
1273 2306 1476 2396 valituram,
1502 2306 1814 2385 nonobstantibus

397 2430 611 2527 quibusdum
628 2430 751 2503 litteris
768 2430 1000 2527 periniquum
1016 2430 1271 2525 suggestionem
1286 2429 1516 2526 quorumdam
1534 2451 1773 2527 perversorum
1789 2455 1811 2508 a

399 2554 502 2628 nobis
518 2554 681 2646 obtentis,
702 2576 790 2649 quas
808 2555 947 2651 penitus
964 2553 1185 2628 decernimus
1201 2576 1271 2629 non
1284 2554 1411 2628 valere.
1431 2554 1589 2629 Preterea
1599 2558 1812 2652 presentium

398 2688 518 2751 tenore
541 2678 757 2751 insinuamus
780 2677 877 2774 qnod
902 2680 932 2751 si
951 2677 997 2753 ad
1023 2678 1221 2751 instantiam
1242 2689 1278 2753 et
1298 2678 1553 2774 suggestionem
1580 2681 1728 2775 alicujus
1751 2705 1813 2757 oc·

399 2803 491 2877 culte
517 2804 574 2875 vel
601 2825 663 2898 per
687 2802 914 2897 ignorantiam
941 2803 978 2875 in
1008 2802 1244 2901 prejudicium
1267 2803 1433 2899 premisse
1456 2803 1651 2878 donationis
1674 2807 1814 2882 anobis
1905 2814 1909 2821 '

398 2930 435 3001 in
453 2939 629 3025 posterum
647 2930 762 3024 ulique
777 2929 874 3003 litore
889 2930 1017 3003 inerint
1033 2930 1184 3022 obtento,
1205 2930 1337 3002 nullius
1356 2929 1426 3002 sint
1441 2932 1606 3003 momenti
1624 2940 1660 3004 et
1675 2943 1815 3008 careant

398 3051 570 3127 firmitate.
591 3052 636 3125 Ut
650 3062 767 3127 autem
783 3054 936 3149 sepefata
954 3052 1095 3127 donatio
1110 3054 1270 3127 sortiatur
1283 3061 1483 3149 perpetuam
1499 3052 1707 3147 firmitatem,
1726 3080 1813 3153 pm-

398 3199 480 3252 sens
494 3177 657 3272 scriptum
670 3177 839 3251 conscribi
854 3178 998 3251 lecimus
1011 3187 1047 3251 et
1061 3177 1172 3273 sigillo
1189 3186 1305 3251 nostre
1319 3176 1534 3251 celsitudinis
1550 3177 1718 3251 roborari.

447 3304 571 3375 Datum
593 3300 688 3397 apud
708 3302 926 3396 Hagenuwe,
954 3321 1046 3375 anno
1069 3299 1242 3375 dominice
1263 3300 1509 3375 incarnationis
1532 3302 1581 3375 M.
1592 3301 1654 3376 αὶ.
1665 3304 1809 3397 XXXII,

399 3425 552 3500 calendis
563 3425 726 3520 junuarii,
746 3426 933 3500 indictione
950 3426 1084 3522 quinta.
1671 3453 1674 3459 ·

614 3738 1016 3753 ffl—--a—-o
1027 3742 1537 3753 —·—-—--———-——————-—·-—-
1550 3741 1594 3753 n·-

452 4008 657 4119 demicus,
682 4012 941 4099 Romanorum
967 4042 1054 4123 rex,
1074 4015 1220 4101 ciuibus
1237 4017 1286 4100 de
1302 4014 1547 4100 Franlsinfort
1552 3938 1810 4126 ,Wepllaria,
1846 4088 1932 4201 ⁸¹3⁶:
1890 4034 1955 4091 Αιιιι

398 4140 605 4254 Fricdberg
621 4154 659 4227 et
676 4145 917 4232 Gelnhausen
934 4150 1120 4259 promittit
1140 4151 1247 4260 quod
1268 4174 1469 4260 nunquam
1490 4148 1658 4259 aliquem
1679 4146 1880 4232 corum¹⁶

399 4284 509 4385 coget
526 4276 576 4359 ad
593 4276 849 4363 maritandam
866 4280 986 4365 filiam
1004 4308 1115 4366 suam
1134 4283 1247 4365 alicui
1265 4283 1314 4366 de
1330 4282 1437 4366 curie
1449 4282 1509 4367 vel
1526 4292 1632 4366 extra
1646 4282 1809 4386 curium,

398 4418 437 4491 et
467 4408 507 4490 in
533 4410 723 4519 praesenti
749 4412 869 4497 filium
895 4415 1077 4501 iohannis
1109 4416 1303 4503 Goldstein
1330 4417 1380 4501 de
1408 4415 1661 4499 Frankenfort
1690 4442 1715 4499 a
1743 4414 1811 4499 tali

398 4540 593 4626 coactione
610 4544 754 4629 eximit.

480 4756 572 4837 (nott.
587 4773 637 4835 ap.
651 4756 790 4843 metop.
806 4769 835 4825 et
846 4762 939 4827 Parta
951 4762 1152 4845 Frumefiut„
1165 4781 1196 4843 p.
1212 4772 1242 4826 ι.
1252 4794 1294 4811 ·-
1304 4764 1462 4840 Bonum,
1478 4760 1549 4827 Ccd.
1563 4760 1682 4846 diplom.
1697 4764 1812 4826 Moeno·

514 4861 656 4943 francos„
670 4872 694 4929 t.
709 4868 743 4945 1,
758 4887 791 4949 p.
812 4870 876 4953 et.)

480 4970 645 5035 lV.1²ma
1614 4987 1649 5039 'tt
