4859 6359
922 768 1229 833 nuuluutttturlt

422 1331 625 1441 llenricus,
653 1332 913 1417 Romanorum
944 1358 1030 1439 rex,
1061 1331 1247 1415 universis
1278 1329 1423 1414 ciuibus
1457 1332 1506 1413 de
1533 1330 1775 1413 Geluhuusen
1811 1344 1960 1451 ,fflggm

368 1464 553 1572 promittit
573 1466 679 1575 quod
697 1491 897 1576 nunquam
924 1464 974 1547 ab
992 1465 1121 1575 aliquo
1144 1489 1278 1547 corum
1295 1462 1420 1573 exiget
1449 1472 1493 1546 ut
1524 1464 1595 1547 sibi
1623 1466 1775 1547 accedat
1815 1452 1959 1549 ”tw

368 1596 427 1679 vel
446 1597 606 1705 excipiat
624 1610 799 1707 sumptus
817 1624 915 1708 quos
937 1597 1077 1680 faceret
1106 1596 1267 1705 ibidem,
1297 1597 1364 1679 sed
1386 1598 1490 1706 quod
1508 1596 1678 1707 ejusdem
1700 1598 1773 1681 loci

368 1728 549 1812 scultetus
565 1730 639 1813 hoc
660 1730 762 1813 idem
780 1730 904 1813 facere
920 1728 1069 1813 debeat.

447 1940 514 2023 (Gt.
529 1958 634 2019 cupra,
655 1961 687 2021 p.
712 1952 782 2004 562.
803 1944 996 2023 Prlrtleglum
1017 1944 1164 2007 ineditum
1176 1961 1257 2005 nunc
1269 1944 1418 2023 lntegmm
1430 1944 1536 2005 damus
1554 1960 1593 2005 ex
1612 1946 1772 2024 exemplari
1820 1900 1823 1905 Ι

485 2047 571 2125 cujus
580 2047 667 2109 nobis
677 2047 837 2111 liberaliter
847 2052 962 2127 coptam
975 2049 1046 2111 feolt
1062 2050 1250 2113 Boehmcrus.
1266 2050 1358 2111 Adest
1374 2050 1407 2109 ln
1417 2056 1525 2129 reperto
1536 2049 1660 2112 mauro
1676 2048 1769 2113 Gelu-

485 2152 596 2215 lousen
607 2154 664 2217 sub
677 2156 775 2217 seculo
787 2154 861 2217 XIV
873 2154 1021 2234 emto.)

412 2340 609 2431 Heinricus‚
625 2342 690 2415 Dei
708 2341 825 2435 gracia
844 2342 1074 2415 Romanorum
1097 2362 1161 2414 rex
1181 2349 1217 2413 et
1238 2361 1374 2436 semper
1388 2349 1575 2436 augustus,
1600 2342 1771 2417 universis

364 2464 501 2559 imperii
520 2464 698 2557 fidelibus,
724 2466 854 2561 quibus
876 2486 1018 2561 presens
1038 2465 1136 2538 litera
1155 2465 1257 2537 fuerit
1277 2474 1431 2555 ostensa,
1452 2465 1601 2559 graciam
1617 2488 1716 2539 suam
1734 2476 1768 2538 et
1789 2460 1794 2471 '

363 2590 622 2661 omnebonum.
640 2588 726 2661 Cum
742 2610 808 2661 nos
824 2596 916 2661 ratas
926 2609 1004 2661 esse
1018 2590 1179 2661 volumus
1191 2588 1325 2683 gracias
1341 2597 1376 2661 ct
1387 2589 1561 2662 libertates
1578 2612 1666 2683 quas
1681 2592 1770 2662 lece

363 2712 472 2784 rimus
489 2712 640 2807 benigno
665 2713 782 2785 animo
801 2712 964 2787 fidelibus
985 2714 1129 2802 nostris,
1147 2712 1383 2807 significamus
1403 2713 1617 2785 universitati
1637 2721 1766 2804 vestra,

363 2845 398 2909 ot
413 2845 531 2909 tenore
554 2836 766 2931 presentium
789 2835 1002 2932 profitemur,
1025 2834 1121 2930 quod
1144 2857 1207 2908 nos
1225 2836 1445 2931 promisimus
1465 2834 1626 2909 fidelibus
1643 2838 1768 2909 nostris

363 2959 499 3033 civibus
515 2959 688 3033 univorsis
701 2958 1000 3051 deGeilenhuscn,
1010 2959 1107 3055 quod
1121 2981 1300 3053 nunquam
1314 2959 1532 3051 angariemus
1549 2960 1605 3032 rel
1621 2960 1769 3055 compel-

362 3084 475 3155 lamus
491 3082 664 3157 maliciose
689 3082 841 3177 aliquem
865 3083 1031 3177 ipsorum,
1052 3091 1092 3154 ut
1104 3083 1205 3156 nobis
1216 3081 1359 3156 accedat
1371 3083 1429 3155 vel
1444 3082 1596 3179 excipiat
1610 3092 1767 3179 sumptus

361 3227 450 3301 quos
472 3206 661 3279 laceremus
678 3205 828 3297 ibidem;
845 3206 909 3279 sod
923 3207 1086 3281 volumus
1106 3216 1147 3279 ut
1166 3208 1315 3304 quisque
1336 3215 1528 3279 nostrorum
1547 3207 1767 3279 scultatorum

360 3331 397 3401 in
419 3330 496 3425 ipsa
517 3330 657 3403 civitate
681 3329 886 3403 constitutus
907 3330 1009 3403 nobis
1029 3328 1173 3403 accedat
1197 3339 1233 3404 ct
1255 3329 1406 3425 excipiat
1431 3338 1589 3425 sumptus
1610 3339 1762 3419 nostros3

360 3462 396 3525 et
414 3454 577 3526 nolumus
598 3462 638 3526 nt
657 3454 725 3549 ipsi
746 3452 967 3549 postmodum
986 3452 1132 3549 deipsis
1150 3453 1345 3549 sumptibus
1367 3461 1401 3525 et
1422 3452 1586 3549 expensis
1608 3454 1763 3543 solvant,

359 3576 653 3671 quemadmodum
685 3576 852 3650 duximus
885 3577 970 3673 ipsis
1001 3575 1265 3670 injungendum.
1299 3576 1502 3651 Mandantes
1529 3576 1765 3672 pergratiam

360 3709 510 3773 noscam
528 3700 669 3773 firmiter
692 3700 920 3797 precipimus,
942 3709 981 3772 ut
1003 3700 1119 3773 nullus
1144 3701 1189 3773 sit
1208 3700 1270 3795 qui
1293 3700 1410 3774 veniat
1433 3710 1550 3775 contra
1565 3702 1765 3799 premissam

359 3824 509 3918 graciam
537 3833 572 3897 ot
602 3823 792 3897 libertatem
821 3824 906 3919 ipsis
927 3845 950 3897 a
972 3831 1086 3897 nostra
1111 3824 1293 3897 serenitate
1317 3826 1492 3920 provisam
1518 3834 1552 3897 et
1574 3824 1762 3917 indultam,

359 3948 443 4043 qnia
460 3948 604 4021 minimo
620 3948 720 4021 nobis
739 3950 890 4021 conseret
907 3948 1004 4043 quod
1026 3970 1136 4023 nouus
1160 3949 1427 4023 consuetudines
1448 3972 1642 4025 crearemus
1659 3948 1708 4045 (a)
1728 3952 1764 4023 in

360 4072 436 4166 ipsu
455 4072 611 4165 civitate,
635 4093 715 4144 cum
730 4072 832 4144 nobis
847 4074 892 4144 cit
905 4094 968 4167 per
981 4074 1098 4147 omnia
1115 4071 1231 4145 fidelis
1247 4082 1282 4145 et
1307 4071 1449 4165 devota;
1470 4072 1565 4147 uude
1584 4095 1764 4147 censemus

358 4196 454 4291 quod
474 4197 555 4269 talia
576 4195 677 4270 nobis
703 4197 880 4269 conferant
901 4196 1062 4284 servitia,
1085 4197 1201 4292 qualia
1219 4218 1242 4269 a
1261 4196 1402 4293 reliquis
1424 4196 1621 4271 civitatibus
1641 4196 1765 4272 nostris

359 4320 459 4393 nobis
483 4320 731 4392 ministrantur.
762 4319 830 4405 Qui
853 4340 935 4413 ergo
958 4329 1077 4393 contra
1105 4320 1312 4416 premissum
1336 4321 1489 4413 venerit,
1519 4342 1660 4415 gravam
1684 4344 1764 4397 nos·

359 4452 447 4514 tram
463 4441 629 4515 offensam
648 4464 687 4515 se
704 4442 840 4516 noverit
855 4442 1054 4517 incurrisse.

406 4568 532 4638 Datum
549 4564 645 4661 apud
663 4565 903 4662 Geylnhuseu,
925 4587 1017 4639 anno
1043 4567 1215 4643 dominice
1240 4570 1483 4644 incarnationis
1505 4569 1685 4644 millesimo
1702 4569 1763 4643 CC‘

360 4689 530 4763 tricesimo
546 4688 715 4777 secundo,
734 4690 768 4760 X
782 4688 946 4763 calendas
959 4693 1091 4784 marcii,
1109 4692 1296 4767 indictione
1314 4696 1357 4767 V.

399 4878 442 4958 (a)
463 4879 501 4941 In
512 4885 626 4960 regesto
638 4897 769 4944 curem
778 4882 842 4943 slve
855 4897 997 4957 curemur,
1010 4882 1099 4944 mate.
