<?xml version="1.0" encoding="UTF-8"?>
<!DOCTYPE html PUBLIC "-//W3C//DTD XHTML 1.0 Transitional//EN"
    "http://www.w3.org/TR/xhtml1/DTD/xhtml1-transitional.dtd">
<html xmlns="http://www.w3.org/1999/xhtml" xml:lang="en" lang="en">
 <head>
  <title>
</title>
<meta http-equiv="Content-Type" content="text/html;charset=utf-8" />
  <meta name='ocr-system' content='tesseract 3.04.00' />
  <meta name='ocr-capabilities' content='ocr_page ocr_carea ocr_par ocr_line ocrx_word'/>
</head>
<body>
  <div class='ocr_page' id='page_1' title='image "./historiadiploma05fredgoog_0362.png"; bbox 0 0 4859 6359; ppageno 0'>
   <div class='ocr_carea' id='block_1_1' title="bbox 641 772 2046 857">
    <p class='ocr_par' dir='ltr' id='par_1_1' title="bbox 641 772 2046 857">
     <span class='ocr_line' id='line_1_1' title="bbox 641 772 2046 857; baseline 0.001 -20"><span class='ocrx_word' id='word_1_1' title='bbox 641 774 703 837; x_wconf 76' lang='grc'><strong>904</strong></span> <span class='ocrx_word' id='word_1_2' title='bbox 1138 772 1353 834; x_wconf 76' lang='lat' dir='ltr'><strong>Paluaatcl</strong></span> <span class='ocrx_word' id='word_1_3' title='bbox 1381 772 1554 833; x_wconf 73' lang='lat' dir='ltr'><strong>sectant</strong></span> <span class='ocrx_word' id='word_1_4' title='bbox 1857 778 1938 857; x_wconf 74' lang='lat' dir='ltr'><strong>[Asa.</strong></span> <span class='ocrx_word' id='word_1_5' title='bbox 1959 777 2046 841; x_wconf 75' lang='lat'><strong>12³6.</strong></span> 
     </span>
    </p>
   </div>
   <div class='ocr_carea' id='block_1_2' title="bbox 722 930 2048 1119">
    <p class='ocr_par' dir='ltr' id='par_1_2' title="bbox 722 930 2048 1119">
     <span class='ocr_line' id='line_1_2' title="bbox 722 930 2048 1017; baseline 0.002 -20"><span class='ocrx_word' id='word_1_6' title='bbox 722 933 828 1013; x_wconf 78' lang='lat' dir='ltr'><strong>(Edld</strong></span> <span class='ocrx_word' id='word_1_7' title='bbox 848 930 1108 1012; x_wconf 65' lang='lat' dir='ltr'><strong>Sarromdnnul.</strong></span> <span class='ocrx_word' id='word_1_8' title='bbox 1121 930 1297 1015; x_wconf 73' lang='lat' dir='ltr'><strong>Boloon.,t.</strong></span> <span class='ocrx_word' id='word_1_9' title='bbox 1314 934 1374 1007; x_wconf 87' lang='grc' dir='ltr'><strong>ΠΙ,</strong></span> <span class='ocrx_word' id='word_1_10' title='bbox 1393 948 1462 1011; x_wconf 85' lang='lat' dir='ltr'><strong>pars</strong></span> <span class='ocrx_word' id='word_1_11' title='bbox 1480 932 1525 1008; x_wconf 89' lang='lat'><strong>11,</strong></span> <span class='ocrx_word' id='word_1_12' title='bbox 1538 948 1570 1009; x_wconf 91' lang='lat' dir='ltr'><strong>p.</strong></span> <span class='ocrx_word' id='word_1_13' title='bbox 1588 941 1661 1009; x_wconf 80' lang='lat' dir='ltr'><strong>tet,</strong></span> <span class='ocrx_word' id='word_1_14' title='bbox 1674 950 1713 996; x_wconf 83' lang='lat' dir='ltr'><strong>ex</strong></span> <span class='ocrx_word' id='word_1_15' title='bbox 1726 942 1829 1015; x_wconf 75' lang='lat' dir='ltr'><strong>regest</strong></span> <span class='ocrx_word' id='word_1_16' title='bbox 1846 936 1970 1017; x_wconf 76' lang='lat' dir='ltr'><strong>Gregor.</strong></span> <span class='ocrx_word' id='word_1_17' title='bbox 1992 936 2048 1011; x_wconf 84' lang='lat' dir='ltr'><strong>lx,</strong></span> 
     </span>
     <span class='ocr_line' id='line_1_3' title="bbox 758 1038 1033 1119; baseline 0 -18"><span class='ocrx_word' id='word_1_18' title='bbox 758 1038 1033 1119; x_wconf 80' lang='lat' dir='ltr'><strong>ann.ll,n·1ttt.)</strong></span> 
     </span>
    </p>
   </div>
   <div class='ocr_carea' id='block_1_3' title="bbox 641 1223 2051 2184">
    <p class='ocr_par' dir='ltr' id='par_1_3' title="bbox 691 1223 1778 1320">
     <span class='ocr_line' id='line_1_4' title="bbox 691 1223 1778 1320; baseline 0.001 -23"><span class='ocrx_word' id='word_1_19' title='bbox 691 1228 815 1297; x_wconf 87' lang='lat' dir='ltr'><strong>Datum</strong></span> <span class='ocrx_word' id='word_1_20' title='bbox 840 1226 962 1317; x_wconf 85' lang='lat' dir='ltr'><strong>Reate,</strong></span> <span class='ocrx_word' id='word_1_21' title='bbox 985 1226 1063 1297; x_wconf 84' lang='lat' dir='ltr'><strong>XIV</strong></span> <span class='ocrx_word' id='word_1_22' title='bbox 1087 1223 1255 1297; x_wconf 81' lang='lat' dir='ltr'><strong>kalendas</strong></span> <span class='ocrx_word' id='word_1_23' title='bbox 1276 1224 1498 1320; x_wconf 70' lang='lat' dir='ltr'>septembris,</span> <span class='ocrx_word' id='word_1_24' title='bbox 1518 1245 1611 1297; x_wconf 88' lang='lat' dir='ltr'><strong>anno</strong></span> <span class='ocrx_word' id='word_1_25' title='bbox 1631 1225 1778 1301; x_wconf 89' lang='lat' dir='ltr'><strong>decimo.</strong></span> 
     </span>
    </p>

    <p class='ocr_par' dir='ltr' id='par_1_4' title="bbox 641 1346 2051 2184">
     <span class='ocr_line' id='line_1_5' title="bbox 689 1346 2051 1444; baseline 0.001 -23"><span class='ocrx_word' id='word_1_26' title='bbox 689 1349 861 1444; x_wconf 84' lang='lat' dir='ltr'>Scriptum</span> <span class='ocrx_word' id='word_1_27' title='bbox 883 1358 935 1421; x_wconf 91' lang='lat' dir='ltr'><strong>est</strong></span> <span class='ocrx_word' id='word_1_28' title='bbox 959 1350 1031 1421; x_wconf 82' lang='lat' dir='ltr'><strong>iere</strong></span> <span class='ocrx_word' id='word_1_29' title='bbox 1056 1348 1092 1421; x_wconf 95' lang='lat' dir='ltr'><strong>in</strong></span> <span class='ocrx_word' id='word_1_30' title='bbox 1118 1348 1281 1420; x_wconf 90' lang='lat' dir='ltr'><strong>eumdem</strong></span> <span class='ocrx_word' id='word_1_31' title='bbox 1303 1346 1444 1419; x_wconf 92' lang='lat' dir='ltr'><strong>modum</strong></span> <span class='ocrx_word' id='word_1_32' title='bbox 1470 1348 1724 1444; x_wconf 83' lang='lat' dir='ltr'><strong>archiepiscopo</strong></span> <span class='ocrx_word' id='word_1_33' title='bbox 1748 1350 1993 1425; x_wconf 83' lang='lat' dir='ltr'>Mediolanensi</span> <span class='ocrx_word' id='word_1_34' title='bbox 2015 1361 2051 1423; x_wconf 92' lang='lat' dir='ltr'><strong>et</strong></span> 
     </span>
     <span class='ocr_line' id='line_1_6' title="bbox 641 1469 2049 1567; baseline 0.001 -23"><span class='ocrx_word' id='word_1_35' title='bbox 641 1472 869 1565; x_wconf 78' lang='lat' dir='ltr'><strong>suffraganeis</strong></span> <span class='ocrx_word' id='word_1_36' title='bbox 891 1474 984 1565; x_wconf 87' lang='lat' dir='ltr'><strong>ejus,</strong></span> <span class='ocrx_word' id='word_1_37' title='bbox 1002 1470 1065 1543; x_wconf 94' lang='lat' dir='ltr'><strong>ubi</strong></span> <span class='ocrx_word' id='word_1_38' title='bbox 1085 1492 1199 1567; x_wconf 90' lang='lat' dir='ltr'><strong>papa:</strong></span> <span class='ocrx_word' id='word_1_39' title='bbox 1215 1492 1326 1543; x_wconf 84' lang='lat' dir='ltr'><strong>ccum</strong></span> <span class='ocrx_word' id='word_1_40' title='bbox 1343 1469 1493 1543; x_wconf 92' lang='lat' dir='ltr'><strong>audierit</strong></span> <span class='ocrx_word' id='word_1_41' title='bbox 1506 1470 1716 1545; x_wconf 85' lang='lat' dir='ltr'><strong>Fridericum</strong></span> <span class='ocrx_word' id='word_1_42' title='bbox 1733 1494 1874 1567; x_wconf 80' lang='lat' dir='ltr'><strong>pergere</strong></span> <span class='ocrx_word' id='word_1_43' title='bbox 1891 1475 1929 1546; x_wconf 94' lang='lat' dir='ltr'><strong>in</strong></span> <span class='ocrx_word' id='word_1_44' title='bbox 1944 1476 2049 1546; x_wconf 87' lang='lat' dir='ltr'><strong>lom-</strong></span> 
     </span>
     <span class='ocr_line' id='line_1_7' title="bbox 642 1594 2048 1691; baseline 0 -22"><span class='ocrx_word' id='word_1_45' title='bbox 642 1596 814 1687; x_wconf 89' lang='lat' dir='ltr'><strong>bardiam,</strong></span> <span class='ocrx_word' id='word_1_46' title='bbox 835 1596 940 1667; x_wconf 91' lang='lat' dir='ltr'><strong>mittit</strong></span> <span class='ocrx_word' id='word_1_47' title='bbox 954 1594 1154 1691; x_wconf 89' lang='lat' dir='ltr'><strong>episcopum</strong></span> <span class='ocrx_word' id='word_1_48' title='bbox 1170 1594 1408 1667; x_wconf 90' lang='lat' dir='ltr'><strong>Penestrinum</strong></span> <span class='ocrx_word' id='word_1_49' title='bbox 1422 1594 1588 1689; x_wconf 79' lang='lat' dir='ltr'><strong>legatum.</strong></span> <span class='ocrx_word' id='word_1_50' title='bbox 1609 1595 1693 1667; x_wconf 90' lang='lat' dir='ltr'><strong>Cum</strong></span> <span class='ocrx_word' id='word_1_51' title='bbox 1711 1597 1770 1669; x_wconf 90' lang='lat' dir='ltr'><strong>alii</strong></span> <span class='ocrx_word' id='word_1_52' title='bbox 1789 1618 1903 1671; x_wconf 85' lang='lat' dir='ltr'><strong>serere</strong></span> <span class='ocrx_word' id='word_1_53' title='bbox 1920 1598 2048 1671; x_wconf 92' lang='lat' dir='ltr'><strong>bellum</strong></span> 
     </span>
     <span class='ocr_line' id='line_1_8' title="bbox 643 1716 2049 1815; baseline 0.002 -24"><span class='ocrx_word' id='word_1_54' title='bbox 643 1722 795 1793; x_wconf 89' lang='lat' dir='ltr'><strong>nitantur</strong></span> <span class='ocrx_word' id='word_1_55' title='bbox 812 1716 882 1815; x_wconf 90' lang='lat' dir='ltr'><strong>(l),</strong></span> <span class='ocrx_word' id='word_1_56' title='bbox 908 1740 1027 1815; x_wconf 90' lang='lat' dir='ltr'><strong>pacem</strong></span> <span class='ocrx_word' id='word_1_57' title='bbox 1049 1718 1216 1791; x_wconf 74' lang='lat' dir='ltr'><strong>suadeant</strong></span> <span class='ocrx_word' id='word_1_58' title='bbox 1239 1738 1284 1790; x_wconf 93' lang='lat' dir='ltr'><strong>ne</strong></span> <span class='ocrx_word' id='word_1_59' title='bbox 1312 1718 1530 1811; x_wconf 78' lang='lat' dir='ltr'><strong>perturbetur</strong></span> <span class='ocrx_word' id='word_1_60' title='bbox 1552 1719 1677 1791; x_wconf 85' lang='lat' dir='ltr'><strong>Terrae</strong></span> <span class='ocrx_word' id='word_1_61' title='bbox 1701 1720 1844 1793; x_wconf 84' lang='lat' dir='ltr'><strong>Sanctae</strong></span> <span class='ocrx_word' id='word_1_62' title='bbox 1866 1742 2049 1793; x_wconf 88' lang='lat' dir='ltr'><strong>succursus</strong></span> 
     </span>
     <span class='ocr_line' id='line_1_9' title="bbox 643 1840 2049 1939; baseline 0.001 -24"><span class='ocrx_word' id='word_1_63' title='bbox 643 1852 679 1915; x_wconf 90' lang='lat' dir='ltr'><strong>et</strong></span> <span class='ocrx_word' id='word_1_64' title='bbox 705 1844 889 1915; x_wconf 90' lang='lat' dir='ltr'><strong>haereseos</strong></span> <span class='ocrx_word' id='word_1_65' title='bbox 916 1842 1059 1915; x_wconf 85' lang='lat' dir='ltr'><strong>excisio.</strong></span> <span class='ocrx_word' id='word_1_66' title='bbox 1087 1842 1252 1935; x_wconf 76' lang='lat' dir='ltr'><strong>Legatum</strong></span> <span class='ocrx_word' id='word_1_67' title='bbox 1281 1850 1436 1913; x_wconf 89' lang='lat' dir='ltr'><strong>coactum</strong></span> <span class='ocrx_word' id='word_1_68' title='bbox 1469 1840 1645 1913; x_wconf 89' lang='lat' dir='ltr'><strong>discordes</strong></span> <span class='ocrx_word' id='word_1_69' title='bbox 1674 1843 1857 1916; x_wconf 90' lang='lat' dir='ltr'><strong>conciliare</strong></span> <span class='ocrx_word' id='word_1_70' title='bbox 1877 1843 1948 1939; x_wconf 78' lang='lat'><strong>(2),</strong></span> <span class='ocrx_word' id='word_1_71' title='bbox 1978 1852 2049 1916; x_wconf 80' lang='lat' dir='ltr'><strong>tra·</strong></span> 
     </span>
     <span class='ocr_line' id='line_1_10' title="bbox 645 1964 2049 2059; baseline 0.001 -21"><span class='ocrx_word' id='word_1_72' title='bbox 645 1966 717 2038; x_wconf 92' lang='lat' dir='ltr'><strong>dita</strong></span> <span class='ocrx_word' id='word_1_73' title='bbox 747 1966 795 2037; x_wconf 92' lang='lat' dir='ltr'><strong>illi</strong></span> <span class='ocrx_word' id='word_1_74' title='bbox 818 1968 928 2038; x_wconf 88' lang='lat' dir='ltr'><strong>forma</strong></span> <span class='ocrx_word' id='word_1_75' title='bbox 953 1986 1044 2059; x_wconf 91' lang='lat' dir='ltr'><strong>qnae</strong></span> <span class='ocrx_word' id='word_1_76' title='bbox 1068 1965 1271 2059; x_wconf 61' lang='lat' dir='ltr'><strong>manamine</strong></span> <span class='ocrx_word' id='word_1_77' title='bbox 1296 1964 1389 2037; x_wconf 90' lang='lat' dir='ltr'><strong>illata</strong></span> <span class='ocrx_word' id='word_1_78' title='bbox 1415 1964 1566 2036; x_wconf 89' lang='lat' dir='ltr'><strong>ecclesiis</strong></span> <span class='ocrx_word' id='word_1_79' title='bbox 1589 1973 1624 2036; x_wconf 94' lang='lat' dir='ltr'><strong>et</strong></span> <span class='ocrx_word' id='word_1_80' title='bbox 1647 1986 1755 2058; x_wconf 76' lang='lat' dir='ltr'><strong>regnu</strong></span> <span class='ocrx_word' id='word_1_81' title='bbox 1777 1966 1963 2039; x_wconf 90' lang='lat' dir='ltr'><strong>emendare</strong></span> <span class='ocrx_word' id='word_1_82' title='bbox 1987 1966 2049 2039; x_wconf 91' lang='lat' dir='ltr'><strong>de·</strong></span> 
     </span>
     <span class='ocr_line' id='line_1_11' title="bbox 643 2086 1996 2184; baseline -0.001 -22"><span class='ocrx_word' id='word_1_83' title='bbox 643 2089 736 2162; x_wconf 88' lang='lat' dir='ltr'><strong>beat.</strong></span> <span class='ocrx_word' id='word_1_84' title='bbox 753 2115 771 2158; x_wconf 84' lang='lat' dir='ltr'><strong>u</strong></span> <span class='ocrx_word' id='word_1_85' title='bbox 787 2090 897 2161; x_wconf 80' lang='lat' dir='ltr'><strong>ledcoo</strong></span> <span class='ocrx_word' id='word_1_86' title='bbox 913 2088 1042 2184; x_wconf 82' lang='lat' dir='ltr'><strong>epistol.</strong></span> <span class='ocrx_word' id='word_1_87' title='bbox 1062 2086 1200 2181; x_wconf 61' lang='lat' dir='ltr'><strong>Grecos</strong></span> <span class='ocrx_word' id='word_1_88' title='bbox 1218 2090 1280 2177; x_wconf 88' lang='lat' dir='ltr'><strong>lX,</strong></span> <span class='ocrx_word' id='word_1_89' title='bbox 1302 2110 1389 2159; x_wconf 85' lang='lat' dir='ltr'><strong>unna</strong></span> <span class='ocrx_word' id='word_1_90' title='bbox 1403 2090 1445 2176; x_wconf 85' lang='grc' dir='ltr'><strong>Χ,</strong></span> <span class='ocrx_word' id='word_1_91' title='bbox 1465 2088 1502 2159; x_wconf 80' lang='lat' dir='ltr'><strong>in</strong></span> <span class='ocrx_word' id='word_1_92' title='bbox 1520 2087 1643 2161; x_wconf 78' lang='lat' dir='ltr'><strong>collect.</strong></span> <span class='ocrx_word' id='word_1_93' title='bbox 1663 2090 1806 2183; x_wconf 83' lang='lat' dir='ltr'><strong>Loporte</strong></span> <span class='ocrx_word' id='word_1_94' title='bbox 1827 2090 1874 2161; x_wconf 81' lang='lat' dir='ltr'><strong>dc</strong></span> <span class='ocrx_word' id='word_1_95' title='bbox 1896 2090 1996 2161; x_wconf 83' lang='lat' dir='ltr'><strong>Tber&#39;l.</strong></span> 
     </span>
    </p>
   </div>
   <div class='ocr_carea' id='block_1_4' title="bbox 642 2446 2058 4948">
    <p class='ocr_par' dir='ltr' id='par_1_5' title="bbox 642 2446 2051 2720">
     <span class='ocr_line' id='line_1_12' title="bbox 680 2446 2050 2525; baseline -0.001 -17"><span class='ocrx_word' id='word_1_96' title='bbox 680 2451 718 2525; x_wconf 83' lang='lat' dir='ltr'><strong>(t)</strong></span> <span class='ocrx_word' id='word_1_97' title='bbox 735 2450 819 2507; x_wconf 87' lang='lat' dir='ltr'><strong>Panlo</strong></span> <span class='ocrx_word' id='word_1_98' title='bbox 829 2454 901 2519; x_wconf 82' lang='lat' dir='ltr'><strong>ante,</strong></span> <span class='ocrx_word' id='word_1_99' title='bbox 912 2447 1015 2505; x_wconf 89' lang='lat' dir='ltr'><strong>scilieet</strong></span> <span class='ocrx_word' id='word_1_100' title='bbox 1025 2462 1076 2521; x_wconf 88' lang='lat' dir='ltr'><strong>per</strong></span> <span class='ocrx_word' id='word_1_101' title='bbox 1084 2446 1274 2505; x_wconf 85' lang='lat' dir='ltr'><strong>litterusdatus</strong></span> <span class='ocrx_word' id='word_1_102' title='bbox 1287 2446 1380 2519; x_wconf 80' lang='lat' dir='ltr'><strong>Reate,</strong></span> <span class='ocrx_word' id='word_1_103' title='bbox 1388 2448 1451 2507; x_wconf 83' lang='lat' dir='ltr'><strong>xvi</strong></span> <span class='ocrx_word' id='word_1_104' title='bbox 1463 2446 1517 2505; x_wconf 83' lang='lat' dir='ltr'><strong>kal.</strong></span> <span class='ocrx_word' id='word_1_105' title='bbox 1530 2446 1660 2521; x_wconf 87' lang='lat' dir='ltr'><strong>septemb.</strong></span> <span class='ocrx_word' id='word_1_106' title='bbox 1672 2450 1717 2519; x_wconf 78' lang='lat' dir='ltr'><strong>(tn</strong></span> <span class='ocrx_word' id='word_1_107' title='bbox 1730 2446 1853 2521; x_wconf 59' lang='lat' dir='ltr'><strong>emersu),</strong></span> <span class='ocrx_word' id='word_1_108' title='bbox 1861 2448 1912 2523; x_wconf 90' lang='lat' dir='ltr'><strong>ipsi</strong></span> <span class='ocrx_word' id='word_1_109' title='bbox 1924 2448 2050 2523; x_wconf 83' lang='lat' dir='ltr'><strong>episcopo</strong></span> 
     </span>
     <span class='ocr_line' id='line_1_13' title="bbox 643 2544 2051 2619; baseline -0.003 -12"><span class='ocrx_word' id='word_1_110' title='bbox 643 2547 801 2607; x_wconf 86' lang='lat' dir='ltr'><strong>Panestrino</strong></span> <span class='ocrx_word' id='word_1_111' title='bbox 812 2546 988 2603; x_wconf 85' lang='lat' dir='ltr'><strong>mandaverat</strong></span> <span class='ocrx_word' id='word_1_112' title='bbox 998 2561 1070 2619; x_wconf 87' lang='lat' dir='ltr'><strong>papa</strong></span> <span class='ocrx_word' id='word_1_113' title='bbox 1082 2552 1113 2602; x_wconf 92' lang='lat' dir='ltr'><strong>nt</strong></span> <span class='ocrx_word' id='word_1_114' title='bbox 1126 2545 1224 2602; x_wconf 62' lang='lat' dir='ltr'><strong>swam</strong></span> <span class='ocrx_word' id='word_1_115' title='bbox 1240 2544 1419 2618; x_wconf 72' lang='lat' dir='ltr'><strong>apostoticam</strong></span> <span class='ocrx_word' id='word_1_116' title='bbox 1431 2560 1448 2602; x_wconf 91' lang='lat' dir='ltr'><strong>a</strong></span> <span class='ocrx_word' id='word_1_117' title='bbox 1461 2545 1642 2603; x_wconf 88' lang='lat' dir='ltr'><strong>detractorum</strong></span> <span class='ocrx_word' id='word_1_118' title='bbox 1660 2544 1756 2618; x_wconf 81' lang='lat' dir='ltr'><strong>linguis</strong></span> <span class='ocrx_word' id='word_1_119' title='bbox 1772 2544 1799 2601; x_wconf 92' lang='lat' dir='ltr'><strong>in</strong></span> <span class='ocrx_word' id='word_1_120' title='bbox 1812 2544 1882 2603; x_wconf 88' lang='lat' dir='ltr'><strong>lacto</strong></span> <span class='ocrx_word' id='word_1_121' title='bbox 1895 2546 1968 2619; x_wconf 85' lang='lat' dir='ltr'><strong>pacis</strong></span> <span class='ocrx_word' id='word_1_122' title='bbox 1982 2546 2051 2603; x_wconf 73' lang='lat' dir='ltr'><strong>inter</strong></span> 
     </span>
     <span class='ocr_line' id='line_1_14' title="bbox 642 2642 1442 2720; baseline -0.005 -17"><span class='ocrx_word' id='word_1_123' title='bbox 642 2645 786 2720; x_wconf 88' lang='lat' dir='ltr'><strong>imperinm</strong></span> <span class='ocrx_word' id='word_1_124' title='bbox 798 2643 1001 2701; x_wconf 81' lang='lat' dir='ltr'><strong>etbomberdos</strong></span> <span class='ocrx_word' id='word_1_125' title='bbox 1015 2642 1181 2701; x_wconf 81' lang='lat' dir='ltr'><strong>defenderet.</strong></span> <span class='ocrx_word' id='word_1_126' title='bbox 1195 2643 1293 2716; x_wconf 81' lang='lat' dir='ltr'><strong>Incipit</strong></span> <span class='ocrx_word' id='word_1_127' title='bbox 1308 2642 1442 2711; x_wconf 66' lang='lat' dir='ltr'><strong>Qualitas</strong></span> 
     </span>
    </p>

    <p class='ocr_par' dir='ltr' id='par_1_6' title="bbox 643 2739 2058 4948">
     <span class='ocr_line' id='line_1_15' title="bbox 677 2739 2051 2816; baseline 0.001 -18"><span class='ocrx_word' id='word_1_128' title='bbox 677 2742 714 2816; x_wconf 63' lang='grc' dir='ltr'><strong>(ι)</strong></span> <span class='ocrx_word' id='word_1_129' title='bbox 732 2740 809 2811; x_wconf 85' lang='lat' dir='ltr'><strong>Quod</strong></span> <span class='ocrx_word' id='word_1_130' title='bbox 819 2740 923 2813; x_wconf 79' lang='lat' dir='ltr'><strong>legatus</strong></span> <span class='ocrx_word' id='word_1_131' title='bbox 934 2745 998 2797; x_wconf 88' lang='lat' dir='ltr'><strong>tunc</strong></span> <span class='ocrx_word' id='word_1_132' title='bbox 1008 2740 1136 2813; x_wconf 87' lang='lat' dir='ltr'><strong>temporis</strong></span> <span class='ocrx_word' id='word_1_133' title='bbox 1146 2739 1217 2814; x_wconf 90' lang='lat' dir='ltr'><strong>apud</strong></span> <span class='ocrx_word' id='word_1_134' title='bbox 1226 2739 1387 2797; x_wconf 84' lang='lat' dir='ltr'><strong>Placentiam</strong></span> <span class='ocrx_word' id='word_1_135' title='bbox 1399 2740 1485 2812; x_wconf 80' lang='lat' dir='ltr'><strong>egerit</strong></span> <span class='ocrx_word' id='word_1_136' title='bbox 1495 2754 1545 2813; x_wconf 91' lang='lat' dir='ltr'><strong>pro</strong></span> <span class='ocrx_word' id='word_1_137' title='bbox 1554 2739 1684 2799; x_wconf 81' lang='lat' dir='ltr'><strong>discordia</strong></span> <span class='ocrx_word' id='word_1_138' title='bbox 1692 2740 1904 2805; x_wconf 81' lang='lat' dir='ltr'><strong>sedande‚ualde</strong></span> <span class='ocrx_word' id='word_1_139' title='bbox 1910 2741 2051 2799; x_wconf 89' lang='lat' dir='ltr'><strong>molestum</strong></span> 
     </span>
     <span class='ocr_line' id='line_1_16' title="bbox 643 2836 2052 2911; baseline 0.001 -15"><span class='ocrx_word' id='word_1_140' title='bbox 643 2839 739 2897; x_wconf 91' lang='lat' dir='ltr'><strong>habuit</strong></span> <span class='ocrx_word' id='word_1_141' title='bbox 751 2839 904 2911; x_wconf 88' lang='lat' dir='ltr'><strong>imperator.</strong></span> <span class='ocrx_word' id='word_1_142' title='bbox 919 2838 972 2894; x_wconf 84' lang='lat' dir='ltr'><strong>Itos</strong></span> <span class='ocrx_word' id='word_1_143' title='bbox 985 2838 1057 2894; x_wconf 90' lang='lat' dir='ltr'><strong>enim</strong></span> <span class='ocrx_word' id='word_1_144' title='bbox 1070 2852 1148 2911; x_wconf 65' lang='lat' dir='ltr'><strong>mem</strong></span> <span class='ocrx_word' id='word_1_145' title='bbox 1165 2838 1224 2909; x_wconf 86' lang='lat' dir='ltr'><strong>ejus</strong></span> <span class='ocrx_word' id='word_1_146' title='bbox 1236 2836 1345 2893; x_wconf 93' lang='lat' dir='ltr'><strong>omnino</strong></span> <span class='ocrx_word' id='word_1_147' title='bbox 1357 2837 1464 2895; x_wconf 90' lang='lat' dir='ltr'><strong>delusit.</strong></span> <span class='ocrx_word' id='word_1_148' title='bbox 1479 2838 1535 2895; x_wconf 89' lang='lat' dir='ltr'><strong>lloc</strong></span> <span class='ocrx_word' id='word_1_149' title='bbox 1547 2852 1619 2895; x_wconf 91' lang='lat' dir='ltr'><strong>anno</strong></span> <span class='ocrx_word' id='word_1_150' title='bbox 1632 2852 1725 2894; x_wconf 90' lang='lat' dir='ltr'><strong>mense</strong></span> <span class='ocrx_word' id='word_1_151' title='bbox 1738 2838 1844 2909; x_wconf 89' lang='lat' dir='ltr'><strong>martio,</strong></span> <span class='ocrx_word' id='word_1_152' title='bbox 1856 2844 1887 2894; x_wconf 92' lang='lat' dir='ltr'><strong>ut</strong></span> <span class='ocrx_word' id='word_1_153' title='bbox 1898 2854 1949 2895; x_wconf 90' lang='lat' dir='ltr'><strong>nos</strong></span> <span class='ocrx_word' id='word_1_154' title='bbox 1961 2845 2052 2897; x_wconf 88' lang='lat' dir='ltr'><strong>monet</strong></span> 
     </span>
     <span class='ocr_line' id='line_1_17' title="bbox 644 2933 2050 3007; baseline -0.001 -14"><span class='ocrx_word' id='word_1_155' title='bbox 644 2936 786 2993; x_wconf 76' lang='lat' dir='ltr'><strong>ebmn&#39;mon</strong></span> <span class='ocrx_word' id='word_1_156' title='bbox 801 2934 929 2991; x_wconf 84' lang='lat' dir='ltr'><strong>ineditrrm</strong></span> <span class='ocrx_word' id='word_1_157' title='bbox 945 2934 973 2991; x_wconf 89' lang='lat' dir='ltr'><strong>in</strong></span> <span class='ocrx_word' id='word_1_158' title='bbox 988 2934 1048 2991; x_wconf 91' lang='lat' dir='ltr'><strong>oud.</strong></span> <span class='ocrx_word' id='word_1_159' title='bbox 1063 2934 1205 2991; x_wconf 88' lang='lat' dir='ltr'><strong>llarlaiano</strong></span> <span class='ocrx_word' id='word_1_160' title='bbox 1221 2936 1308 3005; x_wconf 79' lang='lat' dir='ltr'><strong>tt&#39;lt,</strong></span> <span class='ocrx_word' id='word_1_161' title='bbox 1323 2933 1385 2991; x_wconf 90' lang='lat' dir='ltr'><strong>lolio</strong></span> <span class='ocrx_word' id='word_1_162' title='bbox 1406 2938 1439 2991; x_wconf 82' lang='lat' dir='ltr'><strong>te</strong></span> <span class='ocrx_word' id='word_1_163' title='bbox 1462 2941 1635 3003; x_wconf 86' lang='lat' dir='ltr'><strong>recto-veruo,</strong></span> <span class='ocrx_word' id='word_1_164' title='bbox 1653 2953 1668 2987; x_wconf 83' lang='grc' dir='ltr'><strong>ι</strong></span> <span class='ocrx_word' id='word_1_165' title='bbox 1682 2934 1810 3006; x_wconf 78' lang='lat' dir='ltr'><strong>magister</strong></span> <span class='ocrx_word' id='word_1_166' title='bbox 1827 2934 2050 3007; x_wconf 75' lang='lat' dir='ltr'><strong>Alamannorum,</strong></span> 
     </span>
     <span class='ocr_line' id='line_1_18' title="bbox 644 3030 2052 3105; baseline -0.001 -13"><span class='ocrx_word' id='word_1_167' title='bbox 644 3048 735 3092; x_wconf 89' lang='lat' dir='ltr'><strong>onmes</strong></span> <span class='ocrx_word' id='word_1_168' title='bbox 747 3032 921 3103; x_wconf 84' lang='lat' dir='ltr'><strong>Gabuurdus,</strong></span> <span class='ocrx_word' id='word_1_169' title='bbox 937 3032 1063 3105; x_wconf 69' lang='grc' dir='ltr'><strong>ιιιιςίιιιι</strong></span> <span class='ocrx_word' id='word_1_170' title='bbox 1074 3032 1172 3089; x_wconf 85' lang='lat' dir='ltr'><strong>Petrus</strong></span> <span class='ocrx_word' id='word_1_171' title='bbox 1186 3032 1221 3089; x_wconf 90' lang='lat' dir='ltr'><strong>de</strong></span> <span class='ocrx_word' id='word_1_172' title='bbox 1234 3031 1341 3102; x_wconf 76' lang='lat' dir='ltr'><strong>vineis,</strong></span> <span class='ocrx_word' id='word_1_173' title='bbox 1354 3030 1461 3089; x_wconf 86' lang='lat' dir='ltr'><strong>&#39;radens</strong></span> <span class='ocrx_word' id='word_1_174' title='bbox 1472 3031 1508 3089; x_wconf 91' lang='lat' dir='ltr'><strong>de</strong></span> <span class='ocrx_word' id='word_1_175' title='bbox 1523 3031 1735 3104; x_wconf 85' lang='lat' dir='ltr'><strong>Suosu,judices</strong></span> <span class='ocrx_word' id='word_1_176' title='bbox 1745 3046 1859 3103; x_wconf 76' lang='lat' dir='ltr'><strong>magnae</strong></span> <span class='ocrx_word' id='word_1_177' title='bbox 1873 3033 1978 3100; x_wconf 74' lang='lat' dir='ltr'><strong>euriae,</strong></span> <span class='ocrx_word' id='word_1_178' title='bbox 1990 3046 2052 3091; x_wconf 80' lang='lat' dir='ltr'><strong>urm</strong></span> 
     </span>
     <span class='ocr_line' id='line_1_19' title="bbox 645 3128 2054 3205; baseline -0.001 -16"><span class='ocrx_word' id='word_1_179' title='bbox 645 3131 743 3189; x_wconf 89' lang='lat' dir='ltr'><strong>comita</strong></span> <span class='ocrx_word' id='word_1_180' title='bbox 756 3131 864 3191; x_wconf 89' lang='lat' dir='ltr'><strong>Simone</strong></span> <span class='ocrx_word' id='word_1_181' title='bbox 882 3130 916 3187; x_wconf 92' lang='lat' dir='ltr'><strong>de</strong></span> <span class='ocrx_word' id='word_1_182' title='bbox 932 3130 1017 3204; x_wconf 82' lang='lat' dir='ltr'><strong>lteyto</strong></span> <span class='ocrx_word' id='word_1_183' title='bbox 1031 3129 1150 3203; x_wconf 80' lang='lat' dir='ltr'><strong>(Phente)</strong></span> <span class='ocrx_word' id='word_1_184' title='bbox 1164 3134 1297 3205; x_wconf 85' lang='lat' dir='ltr'><strong>potestate</strong></span> <span class='ocrx_word' id='word_1_185' title='bbox 1310 3130 1469 3199; x_wconf 86' lang='lat' dir='ltr'><strong>Cremonae,</strong></span> <span class='ocrx_word' id='word_1_186' title='bbox 1483 3135 1512 3186; x_wconf 89' lang='lat' dir='ltr'><strong>et</strong></span> <span class='ocrx_word' id='word_1_187' title='bbox 1524 3128 1701 3203; x_wconf 86' lang='lat' dir='ltr'><strong>potestatibus</strong></span> <span class='ocrx_word' id='word_1_188' title='bbox 1717 3136 1746 3185; x_wconf 92' lang='lat' dir='ltr'><strong>et</strong></span> <span class='ocrx_word' id='word_1_189' title='bbox 1757 3128 1976 3187; x_wconf 79' lang='lat' dir='ltr'><strong>amnmaurinus</strong></span> <span class='ocrx_word' id='word_1_190' title='bbox 1987 3128 2054 3187; x_wconf 86' lang='lat' dir='ltr'><strong>Cre-</strong></span> 
     </span>
     <span class='ocr_line' id='line_1_20' title="bbox 645 3224 2051 3301; baseline -0.001 -17"><span class='ocrx_word' id='word_1_191' title='bbox 645 3243 753 3296; x_wconf 85' lang='lat' dir='ltr'><strong>monae,</strong></span> <span class='ocrx_word' id='word_1_192' title='bbox 765 3228 864 3301; x_wconf 89' lang='lat' dir='ltr'><strong>Papiae</strong></span> <span class='ocrx_word' id='word_1_193' title='bbox 876 3234 904 3284; x_wconf 91' lang='lat' dir='ltr'><strong>et</strong></span> <span class='ocrx_word' id='word_1_194' title='bbox 912 3228 1058 3299; x_wconf 84' lang='lat' dir='ltr'><strong>Pordonae,</strong></span> <span class='ocrx_word' id='word_1_195' title='bbox 1074 3228 1156 3296; x_wconf 77' lang='lat' dir='ltr'><strong>Astis,</strong></span> <span class='ocrx_word' id='word_1_196' title='bbox 1170 3226 1302 3299; x_wconf 81' lang='lat' dir='ltr'><strong>Veronae,</strong></span> <span class='ocrx_word' id='word_1_197' title='bbox 1311 3224 1436 3297; x_wconf 90' lang='lat' dir='ltr'><strong>Pa&#39;rmae,</strong></span> <span class='ocrx_word' id='word_1_198' title='bbox 1448 3226 1520 3299; x_wconf 79' lang='lat' dir='ltr'><strong>ltegd</strong></span> <span class='ocrx_word' id='word_1_199' title='bbox 1535 3232 1564 3283; x_wconf 90' lang='lat' dir='ltr'><strong>et</strong></span> <span class='ocrx_word' id='word_1_200' title='bbox 1575 3226 1702 3297; x_wconf 87' lang='lat' dir='ltr'><strong>llutiuae,</strong></span> <span class='ocrx_word' id='word_1_201' title='bbox 1714 3226 1900 3299; x_wconf 85' lang='lat' dir='ltr'><strong>praesentibus</strong></span> <span class='ocrx_word' id='word_1_202' title='bbox 1912 3225 2051 3283; x_wconf 89' lang='lat' dir='ltr'><strong>Guillelmo</strong></span> 
     </span>
     <span class='ocr_line' id='line_1_21' title="bbox 646 3322 2052 3398; baseline 0 -17"><span class='ocrx_word' id='word_1_203' title='bbox 646 3324 681 3381; x_wconf 90' lang='lat' dir='ltr'><strong>de</strong></span> <span class='ocrx_word' id='word_1_204' title='bbox 695 3324 790 3381; x_wconf 70' lang='lat' dir='ltr'><strong>indito</strong></span> <span class='ocrx_word' id='word_1_205' title='bbox 803 3330 832 3380; x_wconf 90' lang='lat' dir='ltr'><strong>et</strong></span> <span class='ocrx_word' id='word_1_206' title='bbox 847 3323 921 3393; x_wconf 85' lang='lat' dir='ltr'><strong>tiliis,</strong></span> <span class='ocrx_word' id='word_1_207' title='bbox 934 3324 1083 3381; x_wconf 85' lang='lat' dir='ltr'><strong>rectoribus</strong></span> <span class='ocrx_word' id='word_1_208' title='bbox 1094 3322 1185 3398; x_wconf 90' lang='lat' dir='ltr'><strong>populi</strong></span> <span class='ocrx_word' id='word_1_209' title='bbox 1199 3322 1366 3393; x_wconf 82' lang='lat' dir='ltr'><strong>Placentiae,</strong></span> <span class='ocrx_word' id='word_1_210' title='bbox 1380 3322 1574 3397; x_wconf 87' lang='lat' dir='ltr'><strong>parlamentum</strong></span> <span class='ocrx_word' id='word_1_211' title='bbox 1589 3322 1617 3379; x_wconf 89' lang='lat' dir='ltr'><strong>in</strong></span> <span class='ocrx_word' id='word_1_212' title='bbox 1632 3322 1733 3396; x_wconf 87' lang='lat' dir='ltr'><strong>palatio</strong></span> <span class='ocrx_word' id='word_1_213' title='bbox 1746 3322 1896 3380; x_wconf 87' lang='lat' dir='ltr'><strong>Placentiae</strong></span> <span class='ocrx_word' id='word_1_214' title='bbox 1910 3322 2006 3381; x_wconf 79' lang='lat' dir='ltr'><strong>iecere.</strong></span> <span class='ocrx_word' id='word_1_215' title='bbox 2021 3324 2052 3381; x_wconf 95' lang='lat' dir='ltr'><strong>ln</strong></span> 
     </span>
     <span class='ocr_line' id='line_1_22' title="bbox 647 3418 2053 3493; baseline 0 -16"><span class='ocrx_word' id='word_1_216' title='bbox 647 3434 701 3492; x_wconf 80' lang='lat' dir='ltr'><strong>quo</strong></span> <span class='ocrx_word' id='word_1_217' title='bbox 714 3419 841 3491; x_wconf 79' lang='lat' dir='ltr'><strong>magister</strong></span> <span class='ocrx_word' id='word_1_218' title='bbox 852 3420 948 3477; x_wconf 78' lang='lat' dir='ltr'><strong>Petris</strong></span> <span class='ocrx_word' id='word_1_219' title='bbox 960 3419 994 3476; x_wconf 90' lang='lat' dir='ltr'><strong>de</strong></span> <span class='ocrx_word' id='word_1_220' title='bbox 1008 3418 1112 3477; x_wconf 79' lang='lat' dir='ltr'><strong>vineis.</strong></span> <span class='ocrx_word' id='word_1_221' title='bbox 1131 3460 1174 3476; x_wconf 94' lang='lat'><strong>...</strong></span> <span class='ocrx_word' id='word_1_222' title='bbox 1190 3418 1312 3477; x_wconf 79' lang='lat' dir='ltr'><strong>hortatus</strong></span> <span class='ocrx_word' id='word_1_223' title='bbox 1324 3424 1367 3477; x_wconf 88' lang='lat' dir='ltr'><strong>est</strong></span> <span class='ocrx_word' id='word_1_224' title='bbox 1380 3418 1452 3493; x_wconf 86' lang='lat' dir='ltr'><strong>ipsos</strong></span> <span class='ocrx_word' id='word_1_225' title='bbox 1464 3418 1556 3479; x_wconf 86' lang='lat' dir='ltr'><strong>diosna</strong></span> <span class='ocrx_word' id='word_1_226' title='bbox 1567 3422 1599 3475; x_wconf 92' lang='lat' dir='ltr'><strong>ut</strong></span> <span class='ocrx_word' id='word_1_227' title='bbox 1610 3433 1674 3475; x_wconf 90' lang='lat' dir='ltr'><strong>cum</strong></span> <span class='ocrx_word' id='word_1_228' title='bbox 1686 3418 1759 3477; x_wconf 86' lang='lat' dir='ltr'><strong>omni</strong></span> <span class='ocrx_word' id='word_1_229' title='bbox 1770 3434 1864 3477; x_wconf 84' lang='lat' dir='ltr'><strong>summ</strong></span> <span class='ocrx_word' id='word_1_230' title='bbox 1877 3419 1988 3477; x_wconf 78' lang='lat' dir='ltr'><strong>miortio</strong></span> <span class='ocrx_word' id='word_1_231' title='bbox 2000 3434 2053 3477; x_wconf 89' lang='lat' dir='ltr'><strong>es-</strong></span> 
     </span>
     <span class='ocr_line' id='line_1_23' title="bbox 646 3514 2052 3590; baseline 0 -17"><span class='ocrx_word' id='word_1_232' title='bbox 646 3524 709 3573; x_wconf 88' lang='lat' dir='ltr'><strong>sent</strong></span> <span class='ocrx_word' id='word_1_233' title='bbox 719 3516 806 3590; x_wconf 86' lang='lat' dir='ltr'><strong>parati</strong></span> <span class='ocrx_word' id='word_1_234' title='bbox 820 3514 918 3573; x_wconf 83' lang='lat' dir='ltr'><strong>testum</strong></span> <span class='ocrx_word' id='word_1_235' title='bbox 933 3516 1039 3573; x_wconf 65' lang='lat' dir='ltr'><strong>marrini</strong></span> <span class='ocrx_word' id='word_1_236' title='bbox 1051 3522 1222 3590; x_wconf 88' lang='lat' dir='ltr'><strong>peroptatum</strong></span> <span class='ocrx_word' id='word_1_237' title='bbox 1237 3514 1384 3573; x_wconf 89' lang='lat' dir='ltr'><strong>celebrare.</strong></span> <span class='ocrx_word' id='word_1_238' title='bbox 1399 3514 1500 3573; x_wconf 79' lang='lat' dir='ltr'><strong>liudem</strong></span> <span class='ocrx_word' id='word_1_239' title='bbox 1515 3520 1636 3588; x_wconf 84' lang='lat' dir='ltr'><strong>tanrpore</strong></span> <span class='ocrx_word' id='word_1_240' title='bbox 1650 3516 1735 3587; x_wconf 83' lang='lat' dir='ltr'><strong>major</strong></span> <span class='ocrx_word' id='word_1_241' title='bbox 1747 3530 1812 3589; x_wconf 89' lang='lat' dir='ltr'><strong>pars</strong></span> <span class='ocrx_word' id='word_1_242' title='bbox 1824 3514 1933 3573; x_wconf 86' lang='lat' dir='ltr'><strong>militiae</strong></span> <span class='ocrx_word' id='word_1_243' title='bbox 1945 3514 2052 3573; x_wconf 86' lang='lat' dir='ltr'><strong>Placen-</strong></span> 
     </span>
     <span class='ocr_line' id='line_1_24' title="bbox 647 3611 2054 3687; baseline 0.001 -18"><span class='ocrx_word' id='word_1_244' title='bbox 647 3613 702 3670; x_wconf 87' lang='lat' dir='ltr'><strong>tiae</strong></span> <span class='ocrx_word' id='word_1_245' title='bbox 714 3618 789 3670; x_wconf 79' lang='lat' dir='ltr'><strong>extra</strong></span> <span class='ocrx_word' id='word_1_246' title='bbox 801 3613 935 3670; x_wconf 81' lang='lat' dir='ltr'><strong>civitatem</strong></span> <span class='ocrx_word' id='word_1_247' title='bbox 947 3612 1049 3670; x_wconf 85' lang='lat' dir='ltr'><strong>exierat</strong></span> <span class='ocrx_word' id='word_1_248' title='bbox 1061 3618 1090 3670; x_wconf 92' lang='lat' dir='ltr'><strong>et</strong></span> <span class='ocrx_word' id='word_1_249' title='bbox 1101 3613 1231 3687; x_wconf 90' lang='lat' dir='ltr'><strong>populum</strong></span> <span class='ocrx_word' id='word_1_250' title='bbox 1243 3618 1272 3671; x_wconf 87' lang='lat' dir='ltr'><strong>et</strong></span> <span class='ocrx_word' id='word_1_251' title='bbox 1283 3612 1416 3669; x_wconf 70' lang='lat' dir='ltr'><strong>adlatam</strong></span> <span class='ocrx_word' id='word_1_252' title='bbox 1432 3612 1603 3685; x_wconf 78' lang='lat' dir='ltr'><strong>guadebant,</strong></span> <span class='ocrx_word' id='word_1_253' title='bbox 1618 3611 1713 3669; x_wconf 71' lang='lat' dir='ltr'><strong>amado</strong></span> <span class='ocrx_word' id='word_1_254' title='bbox 1732 3612 1760 3667; x_wconf 94' lang='lat' dir='ltr'><strong>in</strong></span> <span class='ocrx_word' id='word_1_255' title='bbox 1772 3612 1868 3669; x_wconf 82' lang='lat' dir='ltr'><strong>castris</strong></span> <span class='ocrx_word' id='word_1_256' title='bbox 1885 3612 2054 3687; x_wconf 79' lang='lat' dir='ltr'><strong>episcopatis</strong></span> 
     </span>
     <span class='ocr_line' id='line_1_25' title="bbox 648 3707 2054 3783; baseline -0.001 -16"><span class='ocrx_word' id='word_1_257' title='bbox 648 3708 833 3767; x_wconf 77' lang='lat' dir='ltr'><strong>Placentiae.»</strong></span> <span class='ocrx_word' id='word_1_258' title='bbox 844 3708 932 3778; x_wconf 66' lang='lat' dir='ltr'><strong>Qum</strong></span> <span class='ocrx_word' id='word_1_259' title='bbox 947 3715 1038 3765; x_wconf 89' lang='lat' dir='ltr'><strong>autem</strong></span> <span class='ocrx_word' id='word_1_260' title='bbox 1051 3708 1196 3783; x_wconf 90' lang='lat' dir='ltr'><strong>imperator</strong></span> <span class='ocrx_word' id='word_1_261' title='bbox 1208 3708 1310 3765; x_wconf 90' lang='lat' dir='ltr'><strong>curiam</strong></span> <span class='ocrx_word' id='word_1_262' title='bbox 1324 3723 1401 3765; x_wconf 88' lang='lat' dir='ltr'><strong>suem</strong></span> <span class='ocrx_word' id='word_1_263' title='bbox 1415 3707 1487 3781; x_wconf 89' lang='lat' dir='ltr'><strong>apud</strong></span> <span class='ocrx_word' id='word_1_264' title='bbox 1496 3708 1659 3765; x_wconf 89' lang='lat' dir='ltr'><strong>Placentiam</strong></span> <span class='ocrx_word' id='word_1_265' title='bbox 1670 3707 1825 3779; x_wconf 80' lang='lat' dir='ltr'><strong>indixisset,</strong></span> <span class='ocrx_word' id='word_1_266' title='bbox 1837 3709 1907 3765; x_wconf 89' lang='lat' dir='ltr'><strong>sicut</strong></span> <span class='ocrx_word' id='word_1_267' title='bbox 1918 3724 2000 3783; x_wconf 89' lang='lat' dir='ltr'><strong>supra</strong></span> <span class='ocrx_word' id='word_1_268' title='bbox 2011 3709 2054 3765; x_wconf 83' lang='lat' dir='ltr'><strong>vi-</strong></span> 
     </span>
     <span class='ocr_line' id='line_1_26' title="bbox 650 3806 2055 3884; baseline 0 -18"><span class='ocrx_word' id='word_1_269' title='bbox 650 3810 740 3866; x_wconf 90' lang='lat' dir='ltr'><strong>dimus</strong></span> <span class='ocrx_word' id='word_1_270' title='bbox 757 3825 786 3884; x_wconf 96' lang='lat' dir='ltr'><strong>p.</strong></span> <span class='ocrx_word' id='word_1_271' title='bbox 803 3812 866 3877; x_wconf 72' lang='lat' dir='ltr'><strong>tlt,</strong></span> <span class='ocrx_word' id='word_1_272' title='bbox 881 3808 909 3864; x_wconf 91' lang='lat' dir='ltr'><strong>in</strong></span> <span class='ocrx_word' id='word_1_273' title='bbox 927 3808 1043 3865; x_wconf 81' lang='lat' dir='ltr'><strong>adveatu</strong></span> <span class='ocrx_word' id='word_1_274' title='bbox 1056 3810 1125 3881; x_wconf 86' lang='lat' dir='ltr'><strong>ejus,</strong></span> <span class='ocrx_word' id='word_1_275' title='bbox 1146 3824 1240 3866; x_wconf 89' lang='lat' dir='ltr'><strong>mense</strong></span> <span class='ocrx_word' id='word_1_276' title='bbox 1258 3810 1359 3867; x_wconf 90' lang='lat' dir='ltr'><strong>scilicet</strong></span> <span class='ocrx_word' id='word_1_277' title='bbox 1371 3816 1500 3882; x_wconf 80' lang='lat' dir='ltr'><strong>angusto,</strong></span> <span class='ocrx_word' id='word_1_278' title='bbox 1514 3828 1528 3862; x_wconf 81' lang='lat' dir='ltr'><strong>r</strong></span> <span class='ocrx_word' id='word_1_279' title='bbox 1541 3806 1673 3881; x_wconf 88' lang='lat' dir='ltr'><strong>capitanei</strong></span> <span class='ocrx_word' id='word_1_280' title='bbox 1687 3806 1855 3881; x_wconf 77' lang='lat' dir='ltr'><strong>[Placentiae]</strong></span> <span class='ocrx_word' id='word_1_281' title='bbox 1869 3808 1902 3865; x_wconf 92' lang='lat' dir='ltr'><strong>de</strong></span> <span class='ocrx_word' id='word_1_282' title='bbox 1919 3807 2055 3866; x_wconf 84' lang='lat' dir='ltr'><strong>voluntate</strong></span> 
     </span>
     <span class='ocr_line' id='line_1_27' title="bbox 650 3904 2054 3980; baseline 0.001 -17"><span class='ocrx_word' id='word_1_283' title='bbox 650 3906 807 3964; x_wconf 86' lang='lat' dir='ltr'><strong>societatum</strong></span> <span class='ocrx_word' id='word_1_284' title='bbox 818 3905 909 3979; x_wconf 92' lang='lat' dir='ltr'><strong>populi</strong></span> <span class='ocrx_word' id='word_1_285' title='bbox 922 3905 950 3961; x_wconf 91' lang='lat' dir='ltr'><strong>in</strong></span> <span class='ocrx_word' id='word_1_286' title='bbox 963 3906 1037 3962; x_wconf 84' lang='lat' dir='ltr'><strong>curia</strong></span> <span class='ocrx_word' id='word_1_287' title='bbox 1049 3905 1148 3961; x_wconf 91' lang='lat' dir='ltr'><strong>domini</strong></span> <span class='ocrx_word' id='word_1_288' title='bbox 1162 3907 1280 3980; x_wconf 89' lang='lat' dir='ltr'><strong>episcopi</strong></span> <span class='ocrx_word' id='word_1_289' title='bbox 1297 3906 1537 3979; x_wconf 85' lang='lat' dir='ltr'><strong>compromiserunt</strong></span> <span class='ocrx_word' id='word_1_290' title='bbox 1549 3920 1580 3962; x_wconf 92' lang='lat' dir='ltr'><strong>se</strong></span> <span class='ocrx_word' id='word_1_291' title='bbox 1596 3906 1624 3961; x_wconf 93' lang='lat' dir='ltr'><strong>in</strong></span> <span class='ocrx_word' id='word_1_292' title='bbox 1638 3905 1775 3961; x_wconf 88' lang='lat' dir='ltr'><strong>dominum</strong></span> <span class='ocrx_word' id='word_1_293' title='bbox 1786 3904 1913 3961; x_wconf 87' lang='lat' dir='ltr'><strong>lacobum</strong></span> <span class='ocrx_word' id='word_1_294' title='bbox 1928 3906 1962 3961; x_wconf 90' lang='lat' dir='ltr'><strong>de</strong></span> <span class='ocrx_word' id='word_1_295' title='bbox 1972 3906 2054 3965; x_wconf 82' lang='lat' dir='ltr'><strong>Psou-</strong></span> 
     </span>
     <span class='ocr_line' id='line_1_28' title="bbox 649 4000 2054 4075; baseline 0.001 -17"><span class='ocrx_word' id='word_1_296' title='bbox 649 4002 721 4059; x_wconf 88' lang='lat' dir='ltr'><strong>rariu</strong></span> <span class='ocrx_word' id='word_1_297' title='bbox 732 4000 893 4059; x_wconf 84' lang='lat' dir='ltr'><strong>cardinalem</strong></span> <span class='ocrx_word' id='word_1_298' title='bbox 906 4001 941 4059; x_wconf 88' lang='lat' dir='ltr'><strong>de</strong></span> <span class='ocrx_word' id='word_1_299' title='bbox 953 4001 1086 4059; x_wconf 84' lang='lat' dir='ltr'><strong>discordia</strong></span> <span class='ocrx_word' id='word_1_300' title='bbox 1103 4018 1247 4075; x_wconf 88' lang='lat' dir='ltr'><strong>quaecum</strong></span> <span class='ocrx_word' id='word_1_301' title='bbox 1261 4002 1391 4059; x_wconf 89' lang='lat' dir='ltr'><strong>militibus</strong></span> <span class='ocrx_word' id='word_1_302' title='bbox 1402 4000 1500 4059; x_wconf 82' lang='lat' dir='ltr'><strong>deforis</strong></span> <span class='ocrx_word' id='word_1_303' title='bbox 1513 4000 1675 4071; x_wconf 65' lang='lat' dir='ltr'><strong>habebatum</strong></span> <span class='ocrx_word' id='word_1_304' title='bbox 1691 4000 1738 4073; x_wconf 87' lang='lat' dir='ltr'><strong>qui</strong></span> <span class='ocrx_word' id='word_1_305' title='bbox 1751 4000 1848 4057; x_wconf 89' lang='lat' dir='ltr'><strong>milites</strong></span> <span class='ocrx_word' id='word_1_306' title='bbox 1861 4001 1918 4074; x_wconf 86' lang='lat' dir='ltr'><strong>jam</strong></span> <span class='ocrx_word' id='word_1_307' title='bbox 1934 4016 1965 4058; x_wconf 91' lang='lat' dir='ltr'><strong>se</strong></span> <span class='ocrx_word' id='word_1_308' title='bbox 1981 4016 2054 4059; x_wconf 90' lang='lat' dir='ltr'><strong>com-</strong></span> 
     </span>
     <span class='ocr_line' id='line_1_29' title="bbox 652 4096 2055 4172; baseline 0 -17"><span class='ocrx_word' id='word_1_309' title='bbox 652 4098 832 4172; x_wconf 88' lang='lat' dir='ltr'><strong>promiserant</strong></span> <span class='ocrx_word' id='word_1_310' title='bbox 842 4098 870 4153; x_wconf 93' lang='lat' dir='ltr'><strong>in</strong></span> <span class='ocrx_word' id='word_1_311' title='bbox 885 4113 956 4154; x_wconf 90' lang='lat' dir='ltr'><strong>eum.</strong></span> <span class='ocrx_word' id='word_1_312' title='bbox 972 4097 1008 4154; x_wconf 87' lang='lat' dir='ltr'><strong>llt</strong></span> <span class='ocrx_word' id='word_1_313' title='bbox 1017 4097 1087 4155; x_wconf 87' lang='lat' dir='ltr'><strong>lactu</strong></span> <span class='ocrx_word' id='word_1_314' title='bbox 1100 4098 1169 4155; x_wconf 90' lang='lat' dir='ltr'><strong>inter</strong></span> <span class='ocrx_word' id='word_1_315' title='bbox 1184 4113 1232 4156; x_wconf 89' lang='lat' dir='ltr'><strong>eos</strong></span> <span class='ocrx_word' id='word_1_316' title='bbox 1246 4112 1326 4171; x_wconf 89' lang='lat' dir='ltr'><strong>pace,</strong></span> <span class='ocrx_word' id='word_1_317' title='bbox 1342 4098 1414 4154; x_wconf 90' lang='lat' dir='ltr'><strong>dedit</strong></span> <span class='ocrx_word' id='word_1_318' title='bbox 1431 4098 1471 4155; x_wconf 89' lang='lat' dir='ltr'><strong>ais</strong></span> <span class='ocrx_word' id='word_1_319' title='bbox 1484 4097 1660 4155; x_wconf 88' lang='lat' dir='ltr'><strong>communiter</strong></span> <span class='ocrx_word' id='word_1_320' title='bbox 1678 4111 1727 4169; x_wconf 89' lang='lat' dir='ltr'><strong>pro</strong></span> <span class='ocrx_word' id='word_1_321' title='bbox 1746 4102 1878 4168; x_wconf 85' lang='lat' dir='ltr'><strong>potestate</strong></span> <span class='ocrx_word' id='word_1_322' title='bbox 1892 4096 2055 4170; x_wconf 77' lang='lat' dir='ltr'><strong>ltayneriurn</strong></span> 
     </span>
     <span class='ocr_line' id='line_1_30' title="bbox 650 4193 2056 4269; baseline -0.001 -16"><span class='ocrx_word' id='word_1_323' title='bbox 650 4197 753 4253; x_wconf 84' lang='grc' dir='ltr'><strong>Ζιιιιιιιι</strong></span> <span class='ocrx_word' id='word_1_324' title='bbox 765 4196 799 4253; x_wconf 86' lang='lat' dir='ltr'><strong>du</strong></span> <span class='ocrx_word' id='word_1_325' title='bbox 806 4196 924 4254; x_wconf 83' lang='lat' dir='ltr'><strong>venetiis</strong></span> <span class='ocrx_word' id='word_1_326' title='bbox 934 4196 981 4269; x_wconf 87' lang='lat' dir='ltr'><strong>qui</strong></span> <span class='ocrx_word' id='word_1_327' title='bbox 993 4196 1067 4253; x_wconf 84' lang='lat' dir='ltr'><strong>veuit</strong></span> <span class='ocrx_word' id='word_1_328' title='bbox 1078 4195 1113 4252; x_wconf 91' lang='lat' dir='ltr'><strong>ad</strong></span> <span class='ocrx_word' id='word_1_329' title='bbox 1125 4196 1244 4269; x_wconf 74' lang='lat' dir='ltr'><strong>regimen</strong></span> <span class='ocrx_word' id='word_1_330' title='bbox 1256 4196 1290 4254; x_wconf 93' lang='lat' dir='ltr'><strong>de</strong></span> <span class='ocrx_word' id='word_1_331' title='bbox 1305 4210 1398 4253; x_wconf 89' lang='lat' dir='ltr'><strong>meuse</strong></span> <span class='ocrx_word' id='word_1_332' title='bbox 1410 4194 1580 4268; x_wconf 73' lang='lat' dir='ltr'><strong>septenbris.</strong></span> <span class='ocrx_word' id='word_1_333' title='bbox 1589 4194 1623 4251; x_wconf 80' lang='lat' dir='ltr'><strong>Pt</strong></span> <span class='ocrx_word' id='word_1_334' title='bbox 1633 4193 1730 4251; x_wconf 87' lang='lat' dir='ltr'><strong>exinde</strong></span> <span class='ocrx_word' id='word_1_335' title='bbox 1742 4193 1889 4251; x_wconf 88' lang='lat' dir='ltr'><strong>Placentini</strong></span> <span class='ocrx_word' id='word_1_336' title='bbox 1899 4193 2056 4267; x_wconf 85' lang='lat' dir='ltr'><strong>imperatori</strong></span> 
     </span>
     <span class='ocr_line' id='line_1_31' title="bbox 652 4290 2053 4365; baseline -0.001 -15"><span class='ocrx_word' id='word_1_337' title='bbox 652 4291 760 4350; x_wconf 87' lang='lat' dir='ltr'><strong>luerunt</strong></span> <span class='ocrx_word' id='word_1_338' title='bbox 769 4292 892 4349; x_wconf 88' lang='lat' dir='ltr'><strong>rebelles.</strong></span> <span class='ocrx_word' id='word_1_339' title='bbox 903 4310 916 4345; x_wconf 87' lang='grc' dir='ltr'><strong>ι</strong></span> <span class='ocrx_word' id='word_1_340' title='bbox 926 4293 990 4350; x_wconf 87' lang='lat' dir='ltr'><strong>ton.</strong></span> <span class='ocrx_word' id='word_1_341' title='bbox 1004 4308 1041 4349; x_wconf 84' lang='lat' dir='ltr'><strong>ua</strong></span> <span class='ocrx_word' id='word_1_342' title='bbox 1052 4294 1167 4361; x_wconf 77' lang='lat' dir='ltr'><strong>Moesis,</strong></span> <span class='ocrx_word' id='word_1_343' title='bbox 1185 4292 1313 4350; x_wconf 74' lang='lat' dir='ltr'><strong>chronic.</strong></span> <span class='ocrx_word' id='word_1_344' title='bbox 1330 4292 1462 4363; x_wconf 81' lang='lat' dir='ltr'><strong>Placent,</strong></span> <span class='ocrx_word' id='word_1_345' title='bbox 1473 4307 1520 4365; x_wconf 91' lang='lat' dir='ltr'><strong>ap.</strong></span> <span class='ocrx_word' id='word_1_346' title='bbox 1531 4292 1687 4361; x_wconf 75' lang='lat' dir='ltr'><strong>Musarum,</strong></span> <span class='ocrx_word' id='word_1_347' title='bbox 1699 4290 1812 4365; x_wconf 80' lang='lat' dir='ltr'><strong>Script,</strong></span> <span class='ocrx_word' id='word_1_348' title='bbox 1822 4296 1842 4347; x_wconf 92' lang='lat' dir='ltr'><strong>t.</strong></span> <span class='ocrx_word' id='word_1_349' title='bbox 1857 4291 1974 4364; x_wconf 85' lang='lat' dir='ltr'><strong>xv1,p.</strong></span> <span class='ocrx_word' id='word_1_350' title='bbox 1991 4294 2053 4349; x_wconf 73' lang='lat' dir='ltr'><strong>tot.</strong></span> 
     </span>
     <span class='ocr_line' id='line_1_32' title="bbox 652 4386 2053 4463; baseline 0.001 -18"><span class='ocrx_word' id='word_1_351' title='bbox 652 4388 717 4445; x_wconf 94' lang='lat' dir='ltr'><strong>lnde</strong></span> <span class='ocrx_word' id='word_1_352' title='bbox 729 4389 804 4445; x_wconf 87' lang='lat' dir='ltr'><strong>curia</strong></span> <span class='ocrx_word' id='word_1_353' title='bbox 816 4388 943 4462; x_wconf 87' lang='lat' dir='ltr'><strong>impedita</strong></span> <span class='ocrx_word' id='word_1_354' title='bbox 950 4388 1087 4461; x_wconf 88' lang='lat' dir='ltr'><strong>remansit,</strong></span> <span class='ocrx_word' id='word_1_355' title='bbox 1097 4394 1125 4446; x_wconf 92' lang='lat' dir='ltr'><strong>et</strong></span> <span class='ocrx_word' id='word_1_356' title='bbox 1133 4388 1287 4463; x_wconf 90' lang='lat' dir='ltr'><strong>imperatori</strong></span> <span class='ocrx_word' id='word_1_357' title='bbox 1301 4390 1412 4447; x_wconf 84' lang='lat' dir='ltr'><strong>vetitum</strong></span> <span class='ocrx_word' id='word_1_358' title='bbox 1426 4406 1460 4446; x_wconf 90' lang='lat' dir='ltr'><strong>ne</strong></span> <span class='ocrx_word' id='word_1_359' title='bbox 1474 4389 1603 4447; x_wconf 77' lang='lat' dir='ltr'><strong>Gramma</strong></span> <span class='ocrx_word' id='word_1_360' title='bbox 1615 4387 1725 4461; x_wconf 91' lang='lat' dir='ltr'><strong>Papiam</strong></span> <span class='ocrx_word' id='word_1_361' title='bbox 1734 4386 2053 4461; x_wconf 72' lang='lat' dir='ltr'><strong>samosataeum,</strong></span> 
     </span>
     <span class='ocr_line' id='line_1_33' title="bbox 652 4482 2056 4559; baseline -0.003 -14"><span class='ocrx_word' id='word_1_362' title='bbox 652 4486 753 4545; x_wconf 79' lang='lat' dir='ltr'><strong>dunel.</strong></span> <span class='ocrx_word' id='word_1_363' title='bbox 765 4488 905 4557; x_wconf 75' lang='lat' dir='ltr'><strong>laeuam,</strong></span> <span class='ocrx_word' id='word_1_364' title='bbox 920 4501 966 4559; x_wconf 88' lang='lat' dir='ltr'><strong>ap.</strong></span> <span class='ocrx_word' id='word_1_365' title='bbox 977 4486 1138 4556; x_wconf 78' lang='lat' dir='ltr'><strong>Musarum,</strong></span> <span class='ocrx_word' id='word_1_366' title='bbox 1151 4486 1266 4559; x_wconf 77' lang='lat' dir='ltr'><strong>Sortpt,</strong></span> <span class='ocrx_word' id='word_1_367' title='bbox 1279 4490 1300 4541; x_wconf 91' lang='lat' dir='ltr'><strong>t.</strong></span> <span class='ocrx_word' id='word_1_368' title='bbox 1314 4486 1360 4555; x_wconf 84' lang='lat' dir='ltr'><strong>Vl,</strong></span> <span class='ocrx_word' id='word_1_369' title='bbox 1373 4502 1401 4559; x_wconf 91' lang='lat' dir='ltr'><strong>p.</strong></span> <span class='ocrx_word' id='word_1_370' title='bbox 1418 4486 1480 4541; x_wconf 73' lang='lat' dir='ltr'><strong>tlt.</strong></span> <span class='ocrx_word' id='word_1_371' title='bbox 1492 4485 1549 4542; x_wconf 87' lang='lat' dir='ltr'><strong>Nec</strong></span> <span class='ocrx_word' id='word_1_372' title='bbox 1560 4482 1821 4558; x_wconf 88' lang='lat' dir='ltr'><strong>praetermittendum</strong></span> <span class='ocrx_word' id='word_1_373' title='bbox 1836 4484 1901 4557; x_wconf 87' lang='lat' dir='ltr'><strong>quid</strong></span> <span class='ocrx_word' id='word_1_374' title='bbox 1914 4484 2056 4557; x_wconf 85' lang='lat' dir='ltr'><strong>superbae</strong></span> 
     </span>
     <span class='ocr_line' id='line_1_34' title="bbox 654 4581 2056 4657; baseline -0.001 -16"><span class='ocrx_word' id='word_1_375' title='bbox 654 4588 746 4641; x_wconf 87' lang='lat' dir='ltr'><strong>narret</strong></span> <span class='ocrx_word' id='word_1_376' title='bbox 757 4590 852 4640; x_wconf 83' lang='lat' dir='ltr'><strong>auctor</strong></span> <span class='ocrx_word' id='word_1_377' title='bbox 864 4585 916 4639; x_wconf 88' lang='lat' dir='ltr'><strong>oit.</strong></span> <span class='ocrx_word' id='word_1_378' title='bbox 931 4583 1041 4655; x_wconf 78' lang='lat' dir='ltr'><strong>Grepor.</strong></span> <span class='ocrx_word' id='word_1_379' title='bbox 1057 4584 1104 4640; x_wconf 84' lang='lat' dir='ltr'><strong>IX</strong></span> <span class='ocrx_word' id='word_1_380' title='bbox 1114 4602 1122 4638; x_wconf 79' lang='lat' dir='ltr'><strong>t</strong></span> <span class='ocrx_word' id='word_1_381' title='bbox 1137 4603 1150 4636; x_wconf 82' lang='lat' dir='ltr'><strong>r</strong></span> <span class='ocrx_word' id='word_1_382' title='bbox 1164 4583 1251 4653; x_wconf 82' lang='lat' dir='ltr'><strong>Quem</strong></span> <span class='ocrx_word' id='word_1_383' title='bbox 1266 4581 1460 4657; x_wconf 87' lang='lat' dir='ltr'><strong>[cardinalem],</strong></span> <span class='ocrx_word' id='word_1_384' title='bbox 1474 4598 1536 4639; x_wconf 89' lang='lat' dir='ltr'><strong>cum</strong></span> <span class='ocrx_word' id='word_1_385' title='bbox 1549 4582 1630 4639; x_wconf 92' lang='lat' dir='ltr'><strong>nollet</strong></span> <span class='ocrx_word' id='word_1_386' title='bbox 1642 4598 1657 4638; x_wconf 94' lang='lat' dir='ltr'><strong>a</strong></span> <span class='ocrx_word' id='word_1_387' title='bbox 1671 4583 1715 4638; x_wconf 83' lang='lat' dir='ltr'><strong>via</strong></span> <span class='ocrx_word' id='word_1_388' title='bbox 1732 4588 1805 4639; x_wconf 91' lang='lat' dir='ltr'><strong>recta</strong></span> <span class='ocrx_word' id='word_1_389' title='bbox 1820 4582 1965 4653; x_wconf 84' lang='lat' dir='ltr'><strong>declinare,</strong></span> <span class='ocrx_word' id='word_1_390' title='bbox 1980 4598 2056 4639; x_wconf 76' lang='lat' dir='ltr'><strong>ocra·</strong></span> 
     </span>
     <span class='ocr_line' id='line_1_35' title="bbox 655 4678 2056 4754; baseline -0.001 -17"><span class='ocrx_word' id='word_1_391' title='bbox 655 4680 730 4738; x_wconf 87' lang='lat' dir='ltr'><strong>sione</strong></span> <span class='ocrx_word' id='word_1_392' title='bbox 742 4686 871 4754; x_wconf 89' lang='lat' dir='ltr'><strong>concepta</strong></span> <span class='ocrx_word' id='word_1_393' title='bbox 884 4681 956 4753; x_wconf 88' lang='lat' dir='ltr'><strong>quod</strong></span> <span class='ocrx_word' id='word_1_394' title='bbox 966 4680 1035 4737; x_wconf 90' lang='lat' dir='ltr'><strong>inter</strong></span> <span class='ocrx_word' id='word_1_395' title='bbox 1047 4680 1213 4738; x_wconf 89' lang='lat' dir='ltr'><strong>Placentinos</strong></span> <span class='ocrx_word' id='word_1_396' title='bbox 1224 4680 1296 4738; x_wconf 83' lang='lat' dir='ltr'><strong>cives</strong></span> <span class='ocrx_word' id='word_1_397' title='bbox 1309 4696 1402 4754; x_wconf 91' lang='lat' dir='ltr'><strong>pacem</strong></span> <span class='ocrx_word' id='word_1_398' title='bbox 1415 4679 1577 4751; x_wconf 85' lang='lat' dir='ltr'><strong>firmaverat,</strong></span> <span class='ocrx_word' id='word_1_399' title='bbox 1589 4680 1659 4737; x_wconf 88' lang='lat' dir='ltr'><strong>sicut</strong></span> <span class='ocrx_word' id='word_1_400' title='bbox 1669 4695 1703 4737; x_wconf 84' lang='lat' dir='ltr'><strong>ex</strong></span> <span class='ocrx_word' id='word_1_401' title='bbox 1714 4680 1792 4737; x_wconf 85' lang='lat' dir='ltr'><strong>officii</strong></span> <span class='ocrx_word' id='word_1_402' title='bbox 1803 4679 1895 4737; x_wconf 91' lang='lat' dir='ltr'><strong>debito</strong></span> <span class='ocrx_word' id='word_1_403' title='bbox 1906 4678 2056 4750; x_wconf 87' lang='lat' dir='ltr'><strong>tenebatur,</strong></span> 
     </span>
     <span class='ocr_line' id='line_1_36' title="bbox 656 4776 2058 4852; baseline -0.001 -18"><span class='ocrx_word' id='word_1_404' title='bbox 656 4779 730 4850; x_wconf 81' lang='lat' dir='ltr'><strong>graui</strong></span> <span class='ocrx_word' id='word_1_405' title='bbox 743 4778 894 4851; x_wconf 88' lang='lat' dir='ltr'><strong>suspicione</strong></span> <span class='ocrx_word' id='word_1_406' title='bbox 904 4784 1042 4850; x_wconf 78' lang='grc' dir='ltr'><strong>ιιοιιιιιιιι,</strong></span> <span class='ocrx_word' id='word_1_407' title='bbox 1056 4778 1150 4835; x_wconf 86' lang='lat' dir='ltr'><strong>audire</strong></span> <span class='ocrx_word' id='word_1_408' title='bbox 1168 4778 1330 4852; x_wconf 89' lang='lat' dir='ltr'><strong>contempsit</strong></span> <span class='ocrx_word' id='word_1_409' title='bbox 1341 4778 1520 4852; x_wconf 88' lang='lat' dir='ltr'><strong>[imperator],</strong></span> <span class='ocrx_word' id='word_1_410' title='bbox 1536 4776 1659 4835; x_wconf 90' lang='lat' dir='ltr'><strong>eumdem</strong></span> <span class='ocrx_word' id='word_1_411' title='bbox 1674 4776 1840 4835; x_wconf 77' lang='lat' dir='ltr'><strong>contumeliis</strong></span> <span class='ocrx_word' id='word_1_412' title='bbox 1851 4782 1932 4849; x_wconf 84' lang='lat' dir='ltr'><strong>atque</strong></span> <span class='ocrx_word' id='word_1_413' title='bbox 1946 4776 2058 4833; x_wconf 88' lang='lat' dir='ltr'><strong>commi·</strong></span> 
     </span>
     <span class='ocr_line' id='line_1_37' title="bbox 653 4874 1011 4948; baseline -0.006 -19"><span class='ocrx_word' id='word_1_414' title='bbox 653 4874 807 4932; x_wconf 86' lang='lat' dir='ltr'><strong>nationibus</strong></span> <span class='ocrx_word' id='word_1_415' title='bbox 817 4880 985 4948; x_wconf 86' lang='lat' dir='ltr'><strong>prosecutus.</strong></span> <span class='ocrx_word' id='word_1_416' title='bbox 997 4894 1011 4927; x_wconf 86' lang='grc' dir='ltr'><strong>ι</strong></span> 
     </span>
    </p>
   </div>
   <div class='ocr_carea' id='block_1_5' title="bbox 0 0 2437 6356">
    <p class='ocr_par' dir='ltr' id='par_1_7' title="bbox 0 0 2437 6356">
     <span class='ocr_line' id='line_1_38' title="bbox 0 0 2437 6356; baseline 0 0"><span class='ocrx_word' id='word_1_417' title='bbox 0 0 2437 6356; x_wconf 95' lang='lat' dir='ltr'><strong> </strong></span> 
     </span>
    </p>
   </div>
  </div>
 </body>
</html>
