4859 6359
483 838 579 899 lrnrcu
595 835 641 916 9.]
930 833 1127 898 HISTORIA
1150 829 1444 897 btttostttlcn

538 1488 744 1599 Gregorius
768 1512 869 1596 papa
885 1485 1150 1597 Ratisponensi
1168 1498 1206 1571 et
1230 1483 1505 1571 Hildesemensi
1526 1482 1710 1594 episcopis
1736 1484 1895 1567 mandet
1918 1564 1947 1606 a
1957 1510 2102 1619 Q

489 1631 529 1704 ut
541 1619 653 1730 juxta
678 1619 851 1730 priorum
878 1619 1149 1702 continentiam
1175 1619 1389 1701 litterarum
1420 1639 1602 1722 suarm,
1629 1614 1671 1695 in
1697 1613 1894 1724 episcopos

489 1747 795 1863 Herbipolensem
831 1763 869 1836 et
903 1753 1208 1864 Augustensem,
1246 1748 1474 1834 Fuldensem
1510 1746 1687 1832 abbatem
1722 1757 1760 1831 et
1799 1747 1894 1832 alios

490 1910 634 1968 necnon
656 1885 697 1966 in
718 1885 1039 1971 Wormatiensem
1065 1885 1227 1969 electum
1251 1894 1290 1967 et
1309 1883 1526 1966 berardum
1547 1881 1772 1965 canonicum
1794 1881 1896 1965 ller-

490 2015 735 2126 bipolensem,
751 2017 819 2128 qui
838 2017 978 2100 similia
995 2017 1295 2128 praesumpsisse
1312 2017 1506 2125 dicuntur,
1521 2015 1626 2099 omni
1645 2013 1896 2124 appellatione

490 2150 694 2260 postposita
710 2149 930 2260 procedant.

568 2387 681 2469 (Edldtt
693 2390 829 2463 Horum,
845 2388 1057 2452 KatrerFried.
1072 2389 1113 2465 11,
1127 2389 1263 2466 docum,
1278 2407 1310 2468 p.
1328 2398 1397 2463 851,
1412 2398 1446 2450 ιι·
1460 2398 1515 2464 213
1530 2405 1569 2452 ex
1582 2393 1691 2469 regest.
1702 2389 1822 2468 Gregor.
1837 2389 1895 2464 IX,

605 2509 674 2556 ann.
688 2493 743 2570 IX,
755 2505 790 2557 n⁰
804 2493 890 2576 ter.)

537 2707 745 2802 Gregorius,
775 2717 858 2794 eto,
884 2705 1125 2803 Ratisponensi
1151 2705 1340 2802 imperialis
1366 2707 1446 2779 aule
1470 2706 1674 2779 cancellario
1703 2715 1740 2778 et
1762 2707 1901 2782 Ildeso-

492 2830 598 2903 mensi
622 2831 810 2927 episcopis,
835 2839 903 2904 etc.
924 2831 1013 2903 Olim
1041 2828 1161 2903 audito
1182 2829 1280 2924 quod
1300 2829 1515 2902 venerabiles
1536 2827 1655 2901 tratres
1676 2832 1784 2902 nostri
1812 2832 1900 2906 Her·

494 2951 678 3050 bipolensis
705 2963 741 3028 et
763 2952 989 3049 augustensis
1011 2953 1165 3050 episcopi
1187 2974 1230 3026 ac
1253 2952 1361 3024 abbas
1377 2951 1591 3038 Vultuensis,
1614 2952 1781 3026 oblivioni
1800 2974 1899 3027 com-

493 3077 594 3150 misso
616 3077 712 3172 qnod
738 3078 936 3152 carissimus
961 3077 997 3148 iu
1024 3076 1157 3149 Christo
1186 3075 1280 3148 tilius
1306 3085 1423 3148 noster
1450 3075 1643 3148 Fridericus
1668 3076 1900 3151 Romanorum

494 3201 686 3296 imperator,
712 3211 797 3290 etc,
823 3201 985 3296 provisus
1000 3222 1022 3273 a
1040 3200 1185 3272 Domino
1202 3197 1355 3271 Ecclesia
1375 3199 1420 3270 sit
1438 3199 1597 3272 defensor
1614 3207 1650 3271 et
1672 3199 1846 3295 quidquid
1863 3201 1900 3274 in

493 3325 664 3420 prosperis
691 3324 749 3396 vel
781 3323 927 3396 sinistris
953 3323 1003 3394 illi
1032 3322 1199 3396 advenire
1230 3321 1438 3410 dinoscitur,
1469 3322 1579 3417 ipsius
1618 3323 1771 3398 Ecclesie
1799 3327 1902 3420 quasi

494 3447 667 3541 proprium
681 3456 873 3546 reputetur,
888 3446 1161 3540 juramentique
1185 3455 1345 3517 tenentur
1364 3443 1479 3518 eidem
1501 3445 1669 3540 religione
1684 3455 1898 3544 contempta,

493 3569 596 3642 nobili
623 3569 699 3643 viro
726 3571 873 3643 Heni-ico
908 3577 990 3642 nuto
1022 3591 1089 3642 suo
1113 3577 1232 3641 contra
1262 3589 1400 3641 omnem
1427 3567 1602 3641 bominem
1627 3568 1774 3665 prestitis
1795 3573 1903 3665 jura-

493 3695 615 3768 mentis
631 3693 854 3784 adheserant,
875 3692 997 3768 dantes
1021 3715 1161 3766 causam
1185 3702 1226 3765 ut
1249 3700 1359 3765 status
1380 3691 1474 3765 orbis
1498 3691 1559 3765 illo
1584 3713 1753 3766 concursu
1778 3693 1903 3769 discri-

494 3815 594 3888 minis
609 3817 819 3905 turbaretur,
835 3815 931 3912 quod
950 3838 1014 3890 nec
1033 3817 1132 3889 lacile
1147 3815 1273 3911 corrigi
1286 3837 1352 3889 nec
1363 3816 1479 3889 multis
1496 3827 1614 3912 posset
1624 3817 1798 3891 laboribus
1812 3819 1899 3893 abo·

492 3938 572 4030 leri;
590 3939 790 4031 fraternitati
802 3949 915 4014 vestre
927 3937 1066 4014 dedisse
1079 3939 1262 4013 recolimus
1275 3940 1312 4012 in
1325 3939 1496 4036 preceptis
1506 3948 1545 4011 ut
1557 3941 1722 4036 inquisita
1733 3965 1837 4040 super
1847 3943 1904 4019 bis

493 4059 690 4156 diligentius
706 4063 867 4153 venem,
886 4064 916 4136 si
932 4072 1103 4138 constaret
1113 4063 1214 4137 vobis
1226 4085 1299 4136 rem
1314 4064 1427 4136 taliter
1441 4063 1631 4155 sebabere,
1651 4064 1737 4160 ipsis
1748 4088 1794 4142 ex
1807 4079 1904 4162 parte

493 4195 607 4258 nostm
620 4184 762 4260 tirmiter
779 4187 960 4281 injungere
976 4186 1142 4260 curaretis
1163 4195 1203 4258 ut
1222 4186 1312 4259 intra
1326 4186 1417 4259 duos
1434 4207 1571 4259 menses
1587 4197 1666 4281 post
1677 4187 1901 4263 monitionem

493 4317 642 4380 vestram
656 4310 827 4405 recepturi
842 4331 906 4406 pro
919 4311 1050 4383 meritis
1060 4309 1254 4406 Apostolice
1267 4309 1369 4384 Sedis
1382 4331 1420 4382 se
1432 4311 1632 4406 conspectui
1647 4321 1899 4406 presentarent3

493 4428 646 4524 alioquin
665 4451 724 4504 eos
739 4431 785 4504 ad
802 4429 839 4505 id
857 4431 1057 4506 auctoritate
1069 4441 1184 4506 nostra
1203 4431 1270 4504 sub
1282 4430 1481 4527 apostolica
1498 4429 1695 4506 obedientia
1705 4436 1899 4529 cogeretis3

492 4550 535 4622 D.
547 4551 757 4648 prepositum
773 4553 818 4626 de
834 4555 981 4648 Hougue
993 4555 1236 4627 etVualterum
1251 4552 1296 4627 de
1307 4556 1526 4650 Tanemburg
1542 4556 1724 4630 canonicos
1734 4559 1902 4656 llerbipo-

493 4671 622 4766 lenses,
640 4675 702 4769 qui
717 4674 952 4749 Mediolanum
968 4685 1084 4750 contra
1102 4677 1343 4774 imperatorem
1362 4678 1525 4752 eumdem
1545 4679 1650 4752 ivisse
1671 4679 1716 4752 de
1737 4682 1902 4756 mandato

494 4795 577 4868 dicti
600 4796 729 4870 nobilis
759 4799 974 4893 terebantur,
995 4821 1179 4897 suspensos
1204 4801 1250 4875 ab
1277 4801 1390 4875 officio
1419 4813 1454 4876 et
1484 4799 1662 4876 beneficiis
1686 4801 1732 4877 ad
1750 4815 1902 4880 nostram

495 4918 614 4992 venire
639 4921 845 5016 presentiam
873 4944 936 5020 pcr
965 4945 1143 4998 censuram
1167 4926 1432 5001 ecclesiasticam
1459 4928 1687 5026 appellatione
1714 4930 1905 5026 postposita

590 5041 645 5104 tv.
666 5059 722 5104 rm
734 5059 756 5103 a
1705 5059 1744 5112 aa
