4859 6359
379 853 479 914 mm.
495 850 541 930 9.]
597 847 601 855 “
831 845 1029 910 HISTORIA
1051 847 1347 914 menedemus

433 1493 669 1602 Fridericus‚
694 1493 955 1578 Romanorum
980 1494 1203 1603 imperator,
1222 1494 1325 1578 ciues
1349 1493 1445 1579 Noui
1475 1494 1563 1580 Fosi
1588 1503 1627 1578 et
1651 1495 1790 1581 Nuru-
1848 1512 1970 1598 ,ζωὴ

379 1625 475 1737 berg
498 1637 654 1736 propter
678 1627 910 1711 vicinitatem
942 1653 1020 1736 que
1049 1651 1183 1710 eorum
1207 1627 1361 1738 negotia
1378 1628 1597 1711 communie
1624 1628 1792 1736 fiunt,u

376 1756 464 1868 jure
495 1759 732 1844 teloneorum
756 1760 855 1843 inter
886 1783 927 1842 se
962 1757 1232 1842 solvendorum
1266 1759 1458 1844 immunes
1488 1786 1571 1844 esse
1601 1760 1788 1865 declerst3

381 1889 486 1976 selvo
504 1893 610 2002 quod
628 1893 828 2003 utriusque
845 1892 1005 1974 civitatis
1023 1891 1169 1973 incolae
1187 1901 1268 1974 tum
1285 1892 1326 1973 in
1343 1893 1405 1974 his
1426 1892 1641 1976 civitatibus
1672 1919 1792 2003 quem

379 2048 447 2132 per
465 2023 562 2108 nlius
580 2025 748 2110 civitates
765 2025 914 2108 telonea
931 2024 1091 2132 imperio
1109 2023 1238 2107 dehita
1254 2024 1464 2108 exsolvant.

458 2263 565 2346 (Edtd.
583 2266 795 2339 demmm.
818 2264 979 2329 dumille
992 2263 1041 2326 des
1057 2263 1234 2330 retutelam.
1254 2265 1319 2328 wid
1335 2265 1414 2330 stadt
1431 2263 1594 2332 Noumorkt
1614 2269 1790 2344 (Miiuchcn,

500 2369 603 2452 reos),
618 2371 772 2448 Urknnd„
786 2390 819 2454 p.
834 2382 905 2450 215,
920 2373 953 2434 n⁰
967 2371 1007 2452 1.)

425 2589 639 2684 Fridericus,
657 2592 722 2666 Dei
747 2593 857 2686 grstia
872 2593 1104 2666 Romanorum
1127 2591 1314 2688 imperator
1330 2614 1467 2687 semper
1482 2600 1667 2687 angustus,
1689 2593 1793 2666 Jeru-

380 2716 484 2788 salem
501 2726 536 2789 et
558 2717 673 2792 Sicilie
691 2739 767 2791 rex.
785 2719 849 2790 Per
873 2739 1013 2813 presens
1032 2716 1197 2811 scriptum
1218 2726 1338 2789 notum
1362 2717 1508 2788 lecimus
1528 2717 1701 2789 universis
1718 2718 1793 2788 im-

380 2839 466 2936 perii
484 2837 644 2912 fidelibus
661 2849 732 2912 tam
753 2841 971 2937 presentibus
995 2862 1100 2933 quem
1118 2839 1243 2912 futuris
1259 2837 1354 2934 quod
1370 2837 1544 2910 constituti
1561 2838 1598 2908 in
1622 2843 1792 2933 presentia

381 2971 495 3034 nostra
513 2964 608 3037 cives
624 2964 711 3036 Novi
724 2963 801 3038 Fori
819 2973 854 3037 et
868 2963 1062 3056 Nurmberg
1081 2961 1200 3035 fideles
1224 2961 1330 3034 nostri
1344 2961 1445 3034 nobis
1462 2961 1636 3034 humiliter
1653 2963 1792 3058 suppli·

381 3096 501 3159 cerunt
517 3087 614 3182 quod
632 3110 724 3181 cum,
744 3099 882 3184 propter
896 3088 1108 3162 vicinitatem
1123 3109 1192 3181 qua
1219 3087 1308 3158 inter
1325 3108 1363 3158 se
1382 3108 1454 3158 unu
1472 3086 1594 3158 civitas
1618 3107 1694 3159 esse
1710 3107 1791 3158 cen·

381 3217 512 3300 sentus,
533 3212 729 3284 eommunia
750 3211 820 3284 siut
843 3212 918 3304 ejus
943 3211 1081 3306 negotiu
1109 3209 1340 3283 mercimoniis
1363 3217 1399 3282 et
1421 3209 1526 3282 simul
1549 3219 1702 3300 utuntur,
1731 3232 1791 3284 eos

381 3333 581 3408 altrinsecus
602 3359 624 3410 a
651 3337 887 3410 theloneorum
905 3335 1148 3410 exactionibus
1172 3333 1303 3428 quibus
1327 3332 1372 3406 od
1403 3333 1549 3407 inuicem
1577 3334 1791 3429 frequentius

382 3458 625 3550 morabuntur,
646 3461 818 3534 immunes
837 3469 875 3534 et
897 3461 1023 3533 liberos
1048 3457 1121 3532 lieri
1143 3457 1385 3551 dignaremur,
1406 3455 1572 3530 videlicet
1586 3467 1627 3530 ut
1647 3457 1735 3532 inter
1751 3479 1792 3536 ee

382 3583 514 3654 nullum
536 3583 685 3657 debeant
706 3586 764 3678 jus
786 3584 1024 3658 theloneorum
1049 3583 1242 3656 exsoluere.
1263 3582 1333 3654 Nos
1358 3601 1444 3673 ergo
1463 3603 1586 3656 eorum
1609 3582 1791 3680 supplicu-

382 3706 531 3780 tiouibus
565 3707 737 3800 inclinati,
774 3705 991 3782 attendentes
1020 3729 1144 3802 puram
1173 3726 1295 3779 eorum
1324 3704 1430 3780 tidem
1460 3714 1496 3778 et
1524 3714 1622 3800 muta
1649 3706 1791 3780 seruitia

380 3829 508 3924 quibus
533 3832 702 3925 majestati
729 3845 844 3906 nostre
867 3831 1076 3905 studuerunt
1100 3851 1235 3924 semper
1260 3838 1296 3905 et
1318 3829 1460 3902 student
1480 3828 1607 3904 devote
1632 3831 1788 3925 plaeere,

380 3952 553 4047 predictos
565 3956 661 4030 cives
676 3956 766 4030 Novi
785 3955 862 4030 Fori
880 3965 915 4029 et
931 3953 1124 4047 Nurmberg
1144 3951 1266 4026 fideles
1283 3964 1419 4026 nostros
1437 3953 1482 4028 eb
1500 3953 1594 4026 omni
1607 3953 1688 4044 jure
1709 3954 1792 4030 the·

381 4075 557 4150 loneornm
573 4079 662 4152 inter
680 4102 718 4154 se
740 4089 908 4175 perpetuo
929 4079 1054 4152 liberos
1077 4077 1334 4152 essevolumus
1355 4085 1391 4148 et
1414 4076 1609 4149 immunes:
1629 4077 1791 4152 videlicet

379 4209 418 4272 ut
434 4223 497 4274 nec
511 4203 608 4276 cives
619 4205 709 4277 Novi
723 4204 801 4278 Furi
818 4203 914 4299 opud
931 4203 1125 4297 Nurmberg
1142 4223 1206 4276 uec
1219 4202 1316 4274 cives
1330 4201 1525 4295 Nurmherg
1541 4202 1637 4297 apud
1650 4203 1790 4276 Novum

378 4324 504 4398 Forum
531 4328 602 4401 ullo
625 4336 778 4424 tempore
799 4330 887 4402 inter
908 4351 946 4402 se
969 4327 1165 4401 theloneum
1187 4325 1372 4399 exsolvere
1389 4325 1653 4416 teneantur;,itc
1674 4333 1790 4400 temen

379 4448 474 4542 quod
498 4461 686 4545 proventus
709 4474 797 4547 quos
818 4453 854 4524 in
869 4451 1067 4524 civitatibus
1085 4447 1293 4545 supradictis
1310 4448 1407 4520 curia
1425 4458 1540 4520 nostra
1556 4447 1601 4520 de
1619 4447 1789 4522 theloneis

379 4573 553 4668 percipere
570 4578 749 4650 cousuevit
766 4599 847 4649 cum
865 4576 960 4650 omui
979 4575 1172 4670 integritate
1191 4574 1380 4664 solvantur,
1394 4581 1429 4644 et
1445 4571 1542 4665 quod
1558 4592 1618 4666 per
1635 4572 1721 4644 alios
1733 4573 1790 4644 ci·

379 4695 503 4769 vitales
526 4705 560 4770 et
579 4700 656 4772 lom
672 4699 801 4795 quibus
822 4699 980 4773 exhiberi
1005 4699 1203 4772 theloneum
1232 4697 1369 4770 solitum
1391 4703 1464 4786 est,
1491 4695 1673 4789 utriusque
1694 4695 1788 4770 civi·

378 4817 456 4890 tatis
473 4817 586 4892 incole
608 4821 744 4896 deln'tus
764 4823 914 4896 rationes
936 4822 1172 4896 theloneorum
1188 4822 1382 4907 exsolvant,
1404 4839 1449 4891 ne
1465 4818 1548 4910 jure
1560 4818 1695 4915 imperii
1716 4842 1788 4915 que

379 4947 537 5015 tenemur
563 4965 691 5041 sugere
714 4945 900 5021 videantur
922 4968 970 5021 ex
992 4945 1058 5020 hoc
1085 4946 1303 5040 aliquetenus
1326 4942 1500 5018 minorari.
1529 4941 1585 5016 Ad
1610 4945 1711 5037 cujus
1736 4945 1789 5018 rei
