4859 6359
1015 786 1325 849 snnliiiilillirl.
1808 784 1868 846 945

542 920 606 1001 (Gi.
621 938 725 999 supro,
739 938 771 999 p.
794 929 865 981 585.
880 921 1003 982 initium
1022 927 1053 982 et
1065 921 1193 983 cendmn
1208 920 1299 997 hujus
1311 919 1464 996 epistolae,
1478 934 1571 997 quum
1583 917 1663 995 apud
1680 917 1868 997 linynnldum

581 1027 691 1099 desint,
706 1042 787 1088 nunc
806 1042 845 1087 ex
867 1027 1038 1088 collectione
1053 1026 1179 1105 Leporis
1195 1026 1237 1087 du
1249 1025 1333 1088 Thcil
1350 1024 1389 1085 ud
1401 1030 1606 1085 ornamentum
1619 1023 1787 1086 documenti
1806 1024 1867 1085 ad-

581 1132 704 1206 dmm.)

510 1315 798 1390 Reverentissimo
815 1316 852 1388 in
877 1314 1009 1389 Christo
1029 1316 1117 1411 patri
1146 1315 1286 1389 domino
1310 1314 1491 1409 Gregorio,
1514 1314 1576 1389 Dei
1599 1314 1707 1409 gratia
1732 1336 1866 1387 summo

462 1437 633 1535 pontifici,
658 1438 859 1512 Fredericns
878 1438 1001 1512 eadem
1022 1439 1131 1532 gratia
1149 1439 1380 1512 Romanorum
1408 1440 1605 1534 imperator,
1620 1448 1703 1527 etc,
1720 1438 1866 1512 salutem

462 1572 498 1635 et
515 1563 742 1635 reverentiam
756 1560 907 1636 filialem.
923 1562 1159 1635 Intelleximus
1172 1583 1234 1657 per
1250 1562 1462 1658 Apostolicas
1480 1563 1607 1636 litteras
1630 1562 1731 1635 nobis
1756 1584 1867 1658 nuper

463 1686 680 1758 transmissas
694 1695 728 1759 et
751 1707 839 1780 quas
857 1684 1115 1759 honorificentia
1131 1686 1323 1779 recepimus
1336 1694 1511 1777 consuete,
1527 1686 1672 1779 qualiter
1687 1708 1757 1781 pax
1777 1695 1865 1758 trac·

463 1818 554 1881 tetur
580 1809 670 1881 inter
689 1810 876 1883 Ecclesium
904 1820 941 1884 et
967 1812 1152 1883 Romanos.
1178 1810 1247 1882 Nos
1266 1819 1383 1882 autem
1407 1811 1486 1882 licei
1509 1808 1685 1883 materiam
1709 1830 1778 1883 non
1802 1808 1866 1880 ha·
1987 1844 1989 1852 ·

463 1932 603 2003 linimus
616 1932 848 2005 Romanorum
861 1931 1044 2007 dissidium
1063 1932 1312 2028 prosequendi,
1332 1932 1378 2005 ob
1399 1932 1562 2005 honorem
1582 1942 1696 2005 tammr
1716 1932 1868 2003 Romane

463 2054 616 2129 Ecclesic
641 2057 762 2129 matris
777 2064 913 2145 nostre,
932 2055 979 2129 ad
998 2064 1115 2129 vestra
1136 2066 1171 2128 et
1192 2058 1336 2128 fratrum
1360 2066 1551 2128 vestrorum
1580 2054 1709 2127 monita
1734 2053 1867 2127 inducti

464 2179 593 2253 luimus
612 2188 649 2252 et
671 2180 761 2252 votis
786 2178 987 2253 ardentibus
1004 2179 1133 2253 incitati
1152 2180 1303 2274 graviter
1325 2179 1500 2253 offenders
1520 2178 1581 2272 qni
1599 2199 1663 2251 vos
1686 2186 1721 2251 ei
1743 2179 1867 2251 Eccle-

464 2302 551 2375 siam
576 2302 808 2376 offendebant.
829 2304 872 2375 Et
890 2303 969 2375 licet
987 2304 1114 2393 multe,
1132 2312 1214 2391 etc,
1241 2326 1344 2397 usque
1364 2304 1410 2374 ad
1428 2302 1615 2375 Ecclesiam
1638 2301 1864 2393 indefensam,

464 2426 554 2497 sicut
576 2426 738 2520 magister
761 2425 886 2499 domus
909 2426 1197 2499 Thoutonicornm
1224 2424 1337 2500 fidelis
1361 2435 1488 2511 noster,
1515 2426 1576 2519 qni
1601 2425 1759 2521 proximo
1783 2426 1868 2497 lesio

463 2549 593 2623 Pasche
607 2551 653 2624 ad
668 2552 875 2647 presentiam
887 2560 1037 2624 vestram
1052 2572 1074 2623 a
1089 2552 1189 2625 nobis
1206 2550 1333 2623 missus
1348 2550 1508 2640 accedet,
1529 2570 1634 2645 super
1656 2548 1711 2621 his
1737 2556 1772 2622 et
1793 2550 1868 2622 aliis

464 2674 502 2745 in
524 2684 709 2769 conspectu
730 2683 846 2747 vestro
863 2684 1016 2747 nostrum
1030 2672 1246 2771 propositum
1268 2674 1419 2770 plenarie
1433 2673 1609 2747 reserabit.
1631 2672 1735 2765 Cujus
1754 2673 1869 2746 verbis

464 2794 694 2870 indubitatam
709 2796 813 2871 fidem
827 2798 981 2894 poteritis
993 2798 1173 2873 adhibere.

513 2922 638 2993 Datum
657 2920 774 3015 Fogie,
792 2932 964 3016 utsupra.

1328 3233 1630 3244 ——-—n—-n-

518 3504 754 3612 Fridericus,
785 3504 1043 3588 Romanorum
1078 3504 1302 3612 imperator,
1327 3502 1501 3585 fidelihus
1524 3504 1604 3585 suis
1629 3506 1669 3585 in
1699 3507 1870 3615 partibus

460 3636 716 3745 ,Lombardiae
733 3638 946 3720 constitutis
968 3636 1118 3719 mundat
1139 3636 1333 3745 quomodo
1350 3634 1479 3717 omnia
1497 3636 1568 3717 sibi
1587 3637 1627 3716 in
1646 3638 1871 3721 Alemannis

467 3792 645 3876 prospere
671 3770 830 3876 cedunt,
858 3769 938 3852 filio
967 3795 1037 3853 suo
1064 3768 1171 3851 nulla
1196 3768 1417 3877 interposita
1443 3769 1657 3852 conditione
1683 3770 1731 3854 ad
1756 3796 1871 3854 mau-

466 3900 600 3981 datum
623 3927 737 3983 suum
764 3902 959 3985 redeunte.
982 3902 1079 3985 Cum
1106 3910 1235 3983 autem
1263 3900 1470 3983 solemnem
1496 3902 1642 3983 curiam
1665 3904 1767 4011 apud
1789 3905 1874 3989 Ma-

467 4032 640 4140 guntiem
663 4033 861 4141 indixerit,
883 4034 970 4117 illos
987 4044 1116 4117 monet
1133 4046 1177 4116 ut
1197 4034 1247 4115 ed
1264 4034 1410 4115 curiam
1435 4034 1606 4117 eamdem
1633 4036 1810 4144 providos
1836 4050 1874 4121 et

465 4162 645 4247 honestos
664 4166 817 4249 nuntios
835 4166 984 4251 mittere
996 4178 1212 4276 procurent.

548 4376 670 4455 (Inedtt.
685 4394 723 4439 ex
736 4379 836 4441 codice
848 4380 963 4442 Musaei
973 4381 1108 4442 Britann.
1125 4381 1282 4442 Harleieno
1296 4386 1386 4453 sciti,
1398 4377 1450 4441 fol.
1468 4388 1504 4440 itt
1520 4394 1615 4453 verso,
1635 4388 1670 4441 19
1683 4386 1777 4457 recto;
1792 4384 1870 4446 unda

584 4484 754 4546 documenti
766 4486 918 4566 exemplar
930 4489 977 4547 vir
989 4490 1124 4567 egregins
1136 4488 1180 4548 ll.
1198 4488 1309 4562 imum,
1324 4502 1418 4563 nuper
1433 4484 1471 4547 nb
1487 4485 1592 4565 Anglia
1605 4502 1749 4563 reversus,
1762 4490 1801 4551 nd
1814 4508 1869 4553 nos

585 4588 702 4651 detulit.
718 4592 754 4652 ln
772 4592 873 4654 codice
892 4608 964 4653 vern
985 4594 1025 4654 nd
1046 4610 1179 4655 mensem
1201 4596 1323 4671 junium
1346 4592 1419 4653 haec
1441 4592 1562 4669 epistola
1582 4597 1705 4655 maximi
1727 4600 1869 4660 momenti

583 4702 732 4770 mentm,
746 4699 897 4759 notatione
908 4703 1010 4760 nmen
1022 4702 1092 4761 nnnt
1108 4708 1183 4761 tito
1197 4716 1250 4778 per
1262 4700 1447 4761 osmundum
1460 4698 1694 4781 superinducto.)

513 4876 732 4975 Fredericns,
762 4884 825 4956 llei
859 4885 970 4978 gratia
997 4886 1225 4961 Romanorum
1253 4885 1450 4981 imperator,
1482 4888 1668 4961 Jerusalem
1695 4895 1730 4961 ct
1756 4890 1870 4967 Sicilie

563 5002 618 5064 tv.
638 5016 728 5062 ema
1659 5020 1715 5074 llil

1918 3524 1942 3575 [J
1945 3526 1995 3566 nnio
2007 3524 2060 3568 1238

1933 3580 2045 3629 emunim]
