4859 6359
634 753 694 813 723
1131 747 1349 812 sarnanrcr
1376 753 1550 816 saconar
1855 761 1936 845 [tn.
1955 767 2041 830 raas.

633 886 732 966 inter
749 907 847 993 quos
878 895 960 964 erat
979 848 1159 964 dominus
1184 881 1393 968 Landolius
1418 885 1630 996 episeopus.
1654 889 1778 988 Quem
1800 917 1889 976 eum
1911 895 2041 1006 impe-

635 1029 739 1100 rator
773 1015 946 1119 vidisset,
981 1024 1069 1098 ante
1099 1017 1374 1099 monasterium
1401 1021 1524 1124 stetit,
1544 1030 1583 1104 et
1605 1021 1721 1132 jussit
1740 1047 1829 1108 eum
1863 1027 1968 1112 abire
1995 1031 2043 1113 de

637 1158 791 1259 aspectu
813 1173 897 1232 suo.
918 1151 1051 1230 innui.
1077 1155 1276 1256 Wormut.,
1296 1149 1451 1255 Ibidem,
1473 1179 1512 1261 p.
1538 1157 1628 1238 164.

1389 1477 1816 1498 mma-q.-

689 1748 912 1857 Supervenit
943 1749 1105 1834 breriter
1139 1752 1297 1835 domina
1331 1752 1526 1838 Elisabeth
1558 1755 1762 1868 (isabella)
1798 1755 2042 1865 imperatrix,

638 1906 746 1964 soror
771 1883 916 1965 domini
952 1884 1054 1994 regis
1076 1884 1258 1996 Angliae,
1286 1911 1376 1970 oum
1397 1914 1476 1998 qua
1499 1889 1679 1972 dominus
1706 1890 1912 1998 imperator
1936 1887 2043 1970 nele—

638 2011 762 2096 bravit
778 2015 931 2124 nuptias
947 2016 987 2096 in
1005 2017 1219 2102 Wormatia
1241 2019 1485 2130 solempniter
1505 2022 1545 2104 in
1573 2021 1758 2106 divisione
1775 2021 2044 2132 Apostolorum

638 2143 713 2252 (15
726 2145 850 2256 julii).
870 2152 1003 2231 maol.
1040 2156 1237 2262 Wormut.‚
1257 2151 1410 2252 Ibidem,
1427 2181 1476 2263 ·p.
1509 2157 1600 2240 lbi.
1616 2201 1671 2218 —
1688 2155 1820 2266 Itaque
1846 2155 1945 2238 XVII
1965 2153 2044 2238 lra-

637 2276 771 2360 lendas
798 2282 950 2390 augusti
975 2279 1039 2392 (1)
1066 2282 1271 2392 imperator
1302 2311 1470 2368 sororem
1497 2287 1598 2397 regis
1620 2285 1781 2397 Angliae
1812 2287 2046 2372 Wormatiae

637 2409 823 2518 imperiali
858 2413 1102 2497 matrimonio
1137 2416 1210 2499 sibi
1248 2417 1506 2527 sollempniter
1540 2419 1730 2528 oopularit
1761 2420 1836 2531 (2).
1872 2421 2041 2503 ebronis.

637 2544 848 2653 Erpbord.‚
863 2546 1014 2646 Ibidem,
1038 2575 1078 2657 p.
1099 2550 1193 2632 395.

850 2865 1102 2878 -nn--o--ou-
1108 2870 1212 2879 ...ιιι-ο
1218 2871 1266 2880 ισ-ι-
1274 2871 1279 2878 ι
1286 2871 1377 2882 --αιοκυι
1384 2873 1527 2882 nan-nn..
1535 2873 1651 2882 .-.ι-οι-
1659 2874 1681 2882 σι
1702 2876 1708 2882 -
1717 2874 1828 2884 ..ιο-...ο

567 3231 601 3274 m,
691 3143 922 3252 Friderieus,
955 3143 1215 3226 Romanorum
1242 3143 1465 3252 imperator,
1497 3143 1729 3228 abbatissam
1756 3153 1794 3227 et
1820 3156 2046 3229 eonventum

492 3275 514 3316 '¹¹
532 3286 555 3316 ⁰·
637 3283 687 3364 de
719 3281 908 3364 Dusseren
944 3305 1033 3362 oum
1069 3279 1249 3364 omnibns
1286 3281 1396 3363 bonis
1432 3305 1565 3364 earum
1601 3279 1673 3363 sub
1709 3281 1939 3389 protentione
1977 3305 2047 3364 sua

901 3485 981 3495 ..ι-
1341 3487 1566 3498 σ--σ-ο-ο-ο--ι-ι

674 3600 711 3675 (4)
730 3604 764 3658 to
774 3599 847 3674 julii,
862 3599 911 3656 sed
923 3599 1013 3656 minus
1026 3605 1100 3656 reete
1111 3604 1142 3655 ut
1153 3615 1187 3655 ex
1201 3599 1297 3657 litteris
1307 3599 1426 3674 episoopi
1440 3599 1666 3658 llildeehemensis
1679 3597 1828 3658 evidentias
1839 3599 1952 3674 putabit.
1968 3601 2048 3658 Errat

638 3714 745 3773 quoqne
759 3697 911 3757 iiatthaens
928 3697 1084 3755 ramatensis
1094 3713 1179 3770 qnam
1192 3697 1265 3754 dimr
1278 3715 1310 3754 :n
1326 3697 1502 3772 Desponsarit
1512 3713 1576 3772 ergo
1587 3697 1705 3772 puellam
1716 3697 1830 3766 ibidem,
1848 3699 2046 3758 matrimonium

638 3797 770 3852 initiatum
788 3796 996 3852 consummando
1015 3795 1187 3868 solempniter
1202 3795 1356 3869 imperator,
1370 3795 1434 3852 Xlll
1454 3795 1582 3853 kalendas
1606 3795 1713 3868 angusti
1735 3797 1764 3852 in
1783 3796 1927 3856 dominica.
1944 3817 1957 3850 s
1972 3799 2045 3856 dist.

638 3894 737 3966 major,
746 3911 774 3966 p.
787 3897 849 3950 ³85.
866 3893 928 3950 Dies
937 3892 1010 3949 enim
1021 3892 1167 3950 vicesimus
1178 3892 1238 3966 iulii
1249 3893 1299 3951 boc
1314 3907 1384 3950 anno
1397 3893 1546 3952 dominicae
1559 3893 1669 3950 minime
1680 3893 1938 3965 conueniebat,duin
1953 3901 2047 3951 contra

638 3991 879 4065 quintusdecimus
891 3989 1070 4064 diesjustein
1084 3990 1199 4064 primam
1213 3990 1307 4047 leriam
1322 3989 1460 4048 insideret.
1805 4055 1813 4070 .

674 4089 711 4160 (2)
732 4086 855 4144 «Eodem
868 4091 988 4161 tempore
1003 4099 1081 4145 soror
1092 4086 1163 4160 regis
1176 4085 1286 4161 ingliae
1299 4091 1393 4160 rogatu
1407 4086 1575 4161 imperatoris
1592 4086 1627 4144 ab
1644 4087 1843 4161 arehiepiseopo
1858 4087 2007 4145 Coloniensi
2019 4093 2048 4146 et

639 4184 708 4242 duee
721 4183 878 4240 Brabantiae
894 4183 929 4240 ab
947 4184 1043 4256 Anglia
1060 4183 1209 4254 adducitur,
1226 4183 1276 4257 ipsi
1291 4183 1445 4256 imperatori
1465 4189 1592 4257 nuptura.
1606 4181 1681 4252 Quae
1699 4182 1735 4240 ab
1753 4183 1879 4242 omnibus
1895 4183 2047 4242 civitatibus

640 4287 668 4339 et
677 4281 784 4356 oppidis
797 4296 847 4355 per
858 4296 928 4354 quae
940 4296 1001 4337 eam
1015 4281 1128 4338 nansira
1141 4281 1261 4356 mangis
1276 4279 1431 4351 honorilice,
1444 4281 1492 4338 sed
1506 4295 1523 4338 a
1538 4280 1644 4339 nimbus
1655 4279 1858 4338 Coloniensibns
1869 4281 1972 4353 majore
1983 4297 2048 4355 prae

640 4379 699 4435 aliis
712 4377 829 4451 tripudio
840 4377 933 4450 qrrinta
942 4375 1009 4434 teria
1025 4377 1147 4451 proxima
1160 4382 1223 4434 ante
1235 4378 1409 4434 Pentecosten
1423 4377 1472 4451 (ii
1488 4377 1566 4450 maii)
1582 4377 1736 4451 suscipitur.
1753 4379 1831 4452 Apud
1844 4393 1913 4451 quos
1926 4379 1954 4434 in
1969 4379 2048 4435 domo

638 4476 785 4550 praepositi
802 4474 886 4532 saneti
902 4474 1031 4532 Gereonio
1047 4491 1096 4548 per
1108 4490 1230 4532 mensem
1244 4474 1271 4530 in
1285 4489 1382 4547 magna
1395 4473 1598 4532 bonorifioantia
1618 4475 1743 4532 continue
1757 4481 1888 4533 moratur.
1902 4475 1968 4533 Inde
1982 4489 2048 4548 pro-

637 4573 762 4647 grediens
784 4573 856 4646 apnd
868 4572 1047 4630 Wormatiam
1065 4572 1220 4647 imperatori
1234 4572 1394 4646 assignatur.
1409 4571 1462 4630 Ubi
1476 4571 1628 4646 imperiales
1643 4573 1752 4646 nuptiae
1766 4572 1857 4630 debito
1868 4588 1931 4631 enm
1948 4573 2048 4632 honore

639 4670 819 4727 eelebrentur.
836 4672 983 4744 imperator
995 4670 1091 4728 suadet
1103 4670 1269 4744 principibus
1282 4685 1316 4726 ne
1329 4669 1505 4727 histrionibus
1516 4669 1587 4726 dona
1597 4668 1674 4727 solito
1686 4685 1761 4727 more
1778 4671 1947 4745 prodigaliter
1958 4671 2048 4727 effun-

637 4767 712 4839 dant,
724 4767 849 4840 judicans
860 4768 1004 4825 maximam
1016 4768 1179 4825 dementiam
1194 4767 1290 4842 siquis
1307 4781 1356 4824 sua
1370 4765 1440 4824 bona
1457 4766 1547 4825 mimis
1561 4765 1604 4827 vel
1620 4765 1794 4826 histionibns
1806 4767 1879 4825 tatae
1900 4767 2045 4840 largitata.»

639 4863 764 4922 Gonrrn.
777 4864 895 4936 Coram,
908 4866 1113 4939 apponam,
1127 4865 1235 4935 renos,
1250 4865 1318 4934 til,
1335 4881 1362 4939 p.
1376 4865 1438 4920 367.
