4859 6359
634 792 696 854 nec
1158 793 1332 855 nuunrcr
1358 790 1527 854 surrrur
1859 786 1938 865 [aie.
1958 787 2043 851 1232

635 948 701 1001 nos
728 938 975 1021 cognoscentes
999 928 1104 1003 fidem
1131 939 1166 1003 et
1193 927 1355 1001 devotam
1380 948 1445 1001 nec
1470 946 1541 999 non
1564 922 1803 1018 obsequiosum
1829 923 2045 995 voluntatem

635 1050 792 1125 fidelium
816 1061 1008 1126 nostrorum
1033 1052 1274 1127 universorum
1299 1051 1427 1124 civium
1454 1046 1784 1136 Wormaciensinm,
1809 1066 1918 1139 quam
1945 1047 2046 1119 nobis

634 1182 670 1246 et
696 1172 996 1269 predecessoribus
1024 1197 1065 1249 ac
1088 1174 1365 1271 progenitoribus
1390 1172 1516 1246 nostris
1540 1169 1777 1244 exbibuerunt
1795 1168 1963 1242 hactenus
1991 1170 2044 1242 in·

634 1297 789 1389 defesse,
818 1299 903 1393 ipsis
926 1298 1062 1393 singula
1090 1308 1124 1372 et
1146 1300 1310 1371 universa
1334 1296 1517 1393 privilegia
1542 1316 1566 1367 a
1590 1292 1890 1390 predecessoribus
1917 1294 2043 1367 nostris

633 1421 896 1517 imperatoribus
916 1444 957 1495 ao
978 1422 1119 1517 regibus
1137 1422 1368 1513 Romanorum
1388 1430 1424 1493 et
1445 1418 1645 1492 nominatim
1666 1418 1711 1489 ab
1735 1416 1939 1513 imperatore
1963 1416 2043 1489 Fri-

633 1544 750 1617 derico
775 1566 903 1639 proavo
934 1557 1068 1635 nostro,
1093 1547 1139 1618 ab
1163 1546 1365 1639 imperatore
1386 1544 1544 1617 Heinricc
1568 1563 1636 1614 nvo
1660 1550 1774 1613 nostro
1796 1550 1831 1612 ct
1854 1559 1876 1612 a
1896 1540 2041 1613 serenis·

632 1669 721 1741 simo
747 1668 887 1742 dominc
906 1670 1109 1765 imperatore
1127 1678 1224 1765 patre
1247 1676 1364 1741 nostro
1387 1666 1521 1741 eisdem
1551 1665 1704 1756 indulta,
1726 1663 1928 1736 auctoritate
1946 1664 2041 1756 regia

632 1800 733 1865 etex
757 1793 868 1885 gratia
895 1802 931 1865 et
952 1802 1122 1887 potestate
1147 1814 1279 1886 quasa
1308 1791 1526 1864 serenissimo
1550 1788 1691 1861 domiuo
1715 1787 1920 1881 imperatore
1944 1797 2041 1882 putre

630 1923 746 1988 nostro
766 1936 878 2011 nuper
894 1937 1016 1987 sumus
1034 1915 1171 2011 adepti,
1190 1914 1455 2007 confirmamus,
1470 1914 1629 1986 volentes
1646 1932 1689 1985 ea
1706 1910 1804 1983 velut
1818 1910 1985 1983 hactenns
2001 1910 2039 1981 in

630 2058 696 2111 suo
727 2038 849 2112 rubore
875 2048 910 2110 et
937 2039 1058 2133 vigore
1085 2037 1218 2134 absque
1242 2038 1438 2135 calumpnia
1463 2038 1498 2109 in
1522 2045 1696 2132 posterum
1722 2056 1935 2130 permanere.
1964 2036 2038 2107 Sta·

631 2160 762 2234 enimus
787 2162 894 2257 igitur
919 2172 955 2237 et
982 2165 1048 2237 sub
1079 2164 1363 2236 interminacione
1384 2162 1492 2259 gratie
1513 2169 1629 2235 nostre
1651 2159 1805 2233 districte
1830 2159 2038 2255 precipimus

628 2286 785 2357 utnulla
807 2308 961 2381 unquam
986 2308 1131 2382 persona
1155 2287 1299 2359 humilis
1324 2288 1380 2360 vel
1404 2286 1493 2378 alta,
1518 2284 1746 2359 ecclesiastica
1769 2284 1827 2356 vel
1852 2280 2033 2371 secularis,

626 2406 710 2481 hnic
732 2411 822 2482 iacto
845 2420 880 2483 et
902 2410 1150 2483 confirmationi
1177 2421 1292 2485 nostra
1314 2410 1442 2484 audeat
1463 2410 1631 2483 contraire
1657 2410 1713 2481 vel
1735 2430 1825 2479 ausu
1855 2408 2035 2481 temerario

626 2530 663 2601 in
681 2532 799 2626 aliquo
821 2532 977 2607 obviare.
992 2531 1094 2618 Quod
1116 2534 1178 2629 qui
1196 2536 1309 2607 iacere
1332 2534 1597 2629 presumpserit,
1624 2532 1711 2604 iram
1726 2540 1878 2605 nostram
1891 2552 2034 2625 gravem

625 2654 750 2728 sentiet
765 2663 799 2727 et
823 2654 1008 2748 offensam,
1030 2668 1064 2729 ct
1088 2678 1212 2752 penam
1237 2668 1353 2731 reatus
1370 2658 1425 2729 sui
1446 2666 1585 2730 centnm
1607 2654 1809 2729 librasauri
1834 2665 2032 2752 componet,

624 2778 843 2853 medietatem
868 2802 1003 2854 camere
1029 2790 1162 2874 nostre,
1184 2782 1353 2876 reliquam
1374 2781 1486 2878 passis
1508 2780 1670 2873 injuriam
1693 2778 1955 2875 persolvendas.
1977 2776 2032 2852 dd

623 2902 728 2995 hujus
746 2902 864 2998 itaque
880 2906 961 2977 faeti
979 2906 1085 2977 nostri
1103 2914 1138 2978 et
1158 2904 1426 2979 confirmationis
1447 2904 1646 2978 memoriam
1665 2903 1861 2977 evidentem
1878 2913 1912 2976 et
1928 2904 2033 2976 robur

622 3026 659 3099 in
684 3037 858 3123 posterum
878 3030 1083 3120 valiturum,
1109 3050 1250 3123 presens
1272 3026 1402 3100 exinde
1425 3027 1647 3124 privilegium
1671 3026 1838 3099 conscribi
1868 3038 1903 3099 et
1928 3026 2030 3121 sigilii

621 3151 727 3224 nostri
745 3153 933 3224 munimine
946 3154 1116 3245 jussimus
1134 3152 1299 3225 roborari.

672 3274 788 3346 Testes
816 3275 865 3346 hii
894 3284 976 3347 sunt
1005 3304 1014 3347 ε
1042 3278 1079 3349 S.
1100 3276 1309 3348 venerabilis
1339 3275 1562 3369 biognntinus
1585 3284 1620 3347 et
1732 3276 1952 3347 Treverensis
1974 3297 2029 3348 ar·

622 3394 851 3492 ohiepiseopi,
881 3398 921 3467 B.
951 3396 1229 3491 Argentinensis,
1258 3398 1528 3489 Cameracensis,
1558 3396 1835 3491 0snaburgensis
1855 3398 2025 3495 episcopi,

620 3517 657 3591 C.
684 3520 792 3591 abbas
818 3500 1016 3613 Fuldensis,
1047 3522 1089 3593 H.
1120 3522 1273 3594 marchio
1300 3496 1507 3613 de'Bnden,
1535 3522 1578 3593 H.
1608 3520 1684 3594 dux
1708 3521 1754 3595 de
1779 3522 1957 3617 Limbcng,
1983 3523 2023 3595 0.

618 3641 792 3737 Aquensis
818 3652 852 3715 et
868 3644 1092 3737 Trajectensis
1115 3645 1309 3741 prepositus
1329 3644 1390 3741 (a),
1411 3644 1450 3717 C.
1470 3646 1665 3741 prepositus
1689 3647 1735 3720 de
1753 3648 1890 3740 Tanne,
1914 3669 2027 3721 comes

618 3766 814 3840 Walramus
830 3767 876 3841 de
894 3768 1114 3863 Lucilnborg,
1133 3791 1248 3842 comes
1264 3771 1306 3842 E.
1324 3770 1370 3845 de
1385 3769 1513 3861 Urach,
1538 3770 1581 3841 Η.
1604 3770 1756 3842 marchio
1775 3770 1820 3844 de
1838 3772 2024 3865 Burgowe,

618 3912 735 3965 comes
759 3893 800 3963 Η.
833 3891 880 3965 de
904 3892 1138 3988 Habigsborg,
1168 3916 1284 3967 comes
1307 3893 1350 3965 A.
1379 3894 1425 3967 de
1447 3894 1673 3990 Rotenibnrg,
1701 3896 1864 3967 Gerlacus
1890 3895 1936 3968 de
1959 3897 2025 3968 Bu·

617 4013 760 4108 dingen,
779 4015 983 4089 Godeiridus
1001 4017 1046 4090 de
1067 4017 1286 4109 Hohenlocb,
1303 4020 1362 4091 W.
1388 4017 1523 4113 dapifer
1539 4017 1584 4091 de
1600 4020 1765 4111 Bouranr,
1782 4020 1840 4092 W.
1860 4020 2024 4115 pincerna

617 4138 663 4211 de
685 4138 851 4235 Schiphe,
875 4140 917 4213 E.
945 4141 1079 4237 dapifer
1103 4143 1148 4216 de
1170 4144 1357 4237 Walborg,
1382 4142 1419 4215 C.
1445 4144 1609 4239 pincerna
1631 4144 1677 4217 de
1703 4146 1956 4235 Winterstetin,
1983 4145 2019 4218 C.

615 4263 780 4359 pincerna
797 4262 842 4337 de
857 4263 1104 4359 Cliuginiborg,
1125 4265 1334 4339 Ludewicus
1350 4266 1396 4339 de
1410 4266 1580 4364 Schipba,
1600 4278 1635 4339 et
1648 4268 1706 4339 alii
1721 4270 1959 4364 quamplures.

663 4386 788 4460 Actum
813 4384 940 4487 [anno]
969 4389 1142 4462 dominice
1170 4390 1414 4463 incarnationis
1442 4392 1622 4465 millesimo
1660 4390 1896 4467 ducentesimo
1923 4396 2023 4469 trice·

614 4510 703 4583 simo
729 4511 899 4605 secundo,
925 4514 970 4585 111
995 4514 1122 4587 mensis
1145 4515 1305 4610 augusti,
1328 4514 1515 4589 indictione
1539 4517 1679 4612 quinta,
1705 4537 1798 4590 anno
1824 4518 1922 4612 regui
1948 4520 2023 4613 ejus

614 4632 810 4710 undecimo.

656 4898 1181 4986 (o)1nimprass1sprepoettt,male.
1239 4968 1242 4975 .
