4859 6359
422 1368 584 1481 Borma.

447 1474 462 1517 θ
473 1480 557 1524 martra

1126 798 1310 861 'flsnntct
1334 798 1503 861 senatun
1842 800 1923 878 [Anat.
1942 799 2027 865 laet

672 1363 875 1469 Henn'onS,
896 1365 1156 1449 Romanorum
1182 1390 1270 1471 rex,
1289 1360 1601 1445 ministerialibus
1619 1362 1699 1445 suis
1716 1362 1765 1446 de
1782 1360 1927 1477 Sintzig
1948 1390 2028 1449 no-

620 1508 704 1582 tum
721 1498 811 1581 facit
833 1498 938 1608 quod
955 1523 1044 1580 cum
1062 1497 1163 1581 hona
1186 1523 1256 1580 sua
1275 1494 1489 1579 conseruari
1510 1494 1601 1578 velit
1621 1494 1781 1605 imperio
1803 1506 1841 1579 et
1865 1496 2029 1581 fermam

619 1658 730 1715 suam
747 1632 866 1715 banni
884 1632 1077 1716 custodiae
1095 1630 1310 1742 subjacere,
1332 1630 1527 1714 Gerhardo
1544 1629 1593 1712 de
1611 1629 1755 1740 Sintzig
1771 1630 1968 1715 mandavit
1984 1642 2029 1715 ot

618 1775 918 1875 transgressores
936 1765 1124 1849 emendet.

701 1970 805 2046 (Edtd.
821 1970 958 2045 sunm,
985 1966 1055 2033 Ccd.
1071 1966 1153 2049 Dipl.
1177 1968 1369 2049 Muqont.,t.
1388 1966 1434 2043 11,
1449 1984 1518 2047 pars
1533 1968 1579 2049 11,
1593 1985 1624 2047 p.
1641 1977 1716 2043 aaa,
1736 1986 1776 2031 ax
1789 1969 1973 2049 autographo
1994 1971 2027 2032 tn

737 2077 856 2139 archivo
868 2074 1024 2157 undam.)

664 2265 857 2351 flammeus,
875 2264 937 2337 Dei
956 2262 1064 2358 gratia
1074 2264 1307 2335 Romanorum
1320 2272 1426 2337 rexet
1439 2283 1576 2359 semper
1586 2271 1770 2357 angaeus,
1781 2261 1940 2337 fidelibus
1952 2264 2026 2337 suis

616 2390 790 2463 universis
803 2387 1084 2461 ministerialibus
1096 2386 1316 2460 daSineeche
1330 2387 1476 2482 gratiam
1492 2408 1592 2461 suam
1611 2398 1648 2461 et
1665 2388 1927 2461 omnebonum.
1949 2388 2025 2462 Vo-

615 2516 724 2587 lentes
737 2512 902 2586 universa
919 2512 1011 2584 bona
1026 2520 1060 2585 et
1071 2532 1126 2583 res
1143 2510 1268 2585 ditioni
1282 2520 1397 2584 nostre
1409 2510 1592 2584 attinentes
1611 2519 1681 2583 tam
1699 2512 1734 2582 in
1752 2512 2025 2608 possessionibus

613 2659 720 2733 qnam
736 2638 772 2709 in
785 2637 902 2710 termis
918 2637 1031 2709 illesas
1045 2635 1188 2709 nobiset
1201 2636 1348 2731 imperio
1359 2635 1555 2709 conservari
1568 2656 1703 2709 necnon
1717 2637 1861 2709 termam
1874 2645 2024 2710 nostram

614 2762 720 2835 hanni
739 2759 896 2835 custodia
914 2760 1109 2853 subjacere,
1136 2757 1231 2832 fideli
1248 2767 1365 2833 nostro
1383 2758 1559 2833 Gerhardo
1579 2759 1626 2833 de
1645 2758 1789 2833 Sinnech
1809 2758 1971 2833 dedimus
1987 2760 2025 2833 in

614 2884 786 2959 mandatis
799 2894 838 2957 ut
849 2885 880 2957 si
899 2884 960 2979 qui
976 2883 1130 2959 mandati
1141 2885 1248 2958 nostri
1266 2892 1533 2977 transgressores
1548 2885 1743 2977 extiterint,
1762 2883 1903 2959 eosdem
1919 2888 2024 2978 juxta

614 3011 778 3085 honoram
793 3019 947 3083 nostrum
962 3018 996 3083 et
1014 3008 1150 3104 imperii
1169 3006 1293 3082 debeat
1307 3008 1505 3083 emendare.
1525 3009 1613 3082 Hinc
1628 3020 1683 3083 est
1700 3008 1795 3103 quod
1809 3008 2025 3083 universitati

612 3144 726 3209 vestre
739 3134 945 3208 mandamns
958 3133 1176 3230 pergratiam
1192 3144 1344 3206 nostram
1360 3132 1503 3207 firmiter
1520 3134 1749 3230 precipientes
1764 3142 1939 3228 qnatenus
1957 3133 2023 3230 ipsi

613 3258 704 3331 circa
718 3258 873 3352 predicta
890 3256 1060 3330 auxilinm
1078 3256 1317 3352 impendentes
1335 3258 1509 3354 impedire
1521 3259 1718 3332 nullatenus
1734 3256 1948 3352 presumatis.

660 3384 786 3454 Datum
803 3378 899 3475 apud
911 3380 1138 3476 Bopardiam,
1159 3382 1190 3453 11
1202 3402 1312 3455 nonas
1325 3383 1457 3472 martii,
1478 3381 1668 3456 indictione
1682 3382 1751 3455 ΙΙΙ.

501 4020 514 4051 r
663 3983 849 4069 Henrious
862 4042 874 4089 ,
889 3980 1163 4064 ¹Romanorum
1195 4004 1282 4086 rex,
1310 3978 1558 4064 Bertholdum
1588 3979 1807 4091 episcopum
1835 3983 2022 4093 Argenti-

472 4090 573 4161 Μ’
611 4143 793 4225 nensem,
823 4114 1009 4198 familiam
1036 4112 1141 4223 ejus,
1176 4113 1448 4198 consiliumet
1481 4114 1677 4199 universos
1707 4114 1809 4199 cives
1841 4117 2025 4227 Argenti-

612 4276 766 4357 nenses,
786 4276 833 4333 ex
851 4248 986 4331 intimo
1007 4246 1169 4331 foederis
1190 4247 1343 4359 vinculo
1365 4273 1444 4358 qno
1462 4248 1534 4332 sibi
1552 4258 1643 4331 sunt
1660 4248 1846 4356 adstricti,
1862 4249 1935 4333 sub
1953 4277 2023 4335 sua

611 4384 764 4494 speciali
786 4381 1017 4493 protectione
1035 4378 1184 4489 recipit,
1205 4380 1258 4462 ita
1283 4389 1328 4463 ut
1344 4379 1575 4491 ubicumque
1601 4406 1669 4490 per
1693 4380 1896 4491 imperium
1917 4383 2024 4493 regio

608 4516 819 4629 patrocinio
837 4514 1104 4599 defendantur.

696 4730 800 4811 (Edtd.
816 4733 987 4804 wmarus,
1000 4728 1168 4810 Apparatus
1180 4715 1372 4808 cationum
1386 4750 1418 4811 p.
1435 4739 1503 4804 tta,
1518 4728 1634 4811 n·111.)

665 4919 853 5011 Henricns,
879 4920 941 4993 Dei
964 4921 1075 5015 gratia
1092 4921 1323 4994 Romanorum
1337 4942 1399 4993 rex
1428 4931 1464 4993 ct
1487 4940 1623 5017 semper
1641 4928 1824 5016 angustus,
1848 4919 2023 4994 universis
