4859 6359
626 809 687 873 stu
1118 810 1338 871 struuntur
1362 810 1536 873 SECUNDl
1839 815 1919 893 [dunt.
1939 816 2027 880 12³8.

628 941 872 1033 Tunnenrode,
898 940 1104 1019 Godelridns
1130 944 1176 1019 dc
1195 946 1370 1019 Hoenloch
1391 968 1505 1021 comes
1526 948 1742 1039 llnmsniole,
1768 948 1960 1023 Fridericns
1984 950 2029 1024 de

627 1065 908 1162 Trnhendingen,
928 1067 1105 1141 Conrudue
1119 1068 1281 1164 pincerna
1303 1069 1348 1143 de
1364 1070 1606 1165 Winterstede
1624 1080 1659 1145 et
1673 1072 1732 1144 alii
1745 1075 1978 1169 quamplures.

676 1191 821 1283 Signum
837 1190 967 1264 domini
984 1192 1148 1265 Friderici
1169 1192 1331 1280 secundi,
1353 1194 1413 1266 Dei
1432 1194 1541 1289 gratio
1563 1194 1779 1269 invictissimi
1799 1198 2027 1271 Romanorum

629 1313 842 1409 imperatoris
855 1312 1126 1410 (lluuprcmmu)
1140 1336 1277 1411 semper
1292 1318 1446 1410 angusti,
1463 1318 1649 1390 Jerusalem
1669 1326 1704 1390 et
1718 1318 1833 1391 Sicilie
1850 1320 1953 1414 regis.

676 1436 762 1510 Acta
791 1446 873 1509 sunt
901 1438 966 1511 hec
996 1460 1088 1511 anno
1116 1437 1290 1511 dominice
1314 1440 1556 1514 incarnationis
1587 1440 1767 1513 millesimo
1793 1441 2028 1517 ducentesimo

630 1562 802 1635 tricesimo
822 1562 894 1654 ΥΡ,
921 1584 1040 1636 mense
1056 1563 1160 1657 junii,
1187 1583 1278 1663 none
1297 1563 1510 1655 indictionis,
1535 1564 1724 1660 imperante
1748 1565 1889 1639 domino
1913 1576 2029 1639 nosuu

629 1686 814 1779 Fridericu,
823 1686 1068 1779 gloriosissimo
1077 1686 1309 1761 Romanorum
1317 1686 1521 1783 imperatore
1533 1690 2027 1783 sempernngnsto‚lernsalem

629 1820 664 1885 et
680 1811 793 1885 Sicilie
813 1832 894 1906 rege
918 1810 1162 1901 invictissimo,
1181 1832 1274 1885 anno
1296 1811 1439 1885 Romani
1455 1811 1590 1906 imperii
1613 1814 1688 1905 ejus
1709 1812 1854 1907 septimo
1879 1812 2025 1905 decimo,

631 1935 729 2027 regni
747 1935 929 2007 Ierusalem
944 1934 1017 2025 xl,
1033 1934 1130 2027 regni
1145 1954 1230 2006 veru
1242 1934 1355 2007 Sicilie
1370 1935 1552 2007 xxxvlt·.
1569 1934 1693 2007 Amen.

675 2060 800 2131 Datum
821 2057 917 2152 apud
938 2056 1113 2149 Werdum,
1134 2038 1238 2149 anno,
1257 2078 1375 2131 mense
1394 2068 1429 2131 et
1447 2058 1634 2133 indictione
1649 2058 1856 2155 prescriptis.

460 2644 572 2685 *m
682 2630 888 2741 Gregorius
908 2654 1008 2739 pcpa
1031 2628 1222 2713 Friderioo
1246 2630 1507 2715 Romanorum
1529 2631 1748 2739 imperatori
1769 2630 1919 2714 nuntiet
1941 2629 2029 2737 epi-

630 2787 786 2872 scopum
818 2762 1082 2846 Prenestinum
1114 2786 1204 2845 ase
1235 2763 1437 2871 adportes
1468 2762 1717 2847 Lombnrdiue
1739 2764 1788 2845 de
1813 2788 1906 2871 pace
1932 2788 2029 2871 pro-

630 2896 817 2979 movende
843 2894 961 2977 luisse
986 2895 1236 3003 destinatum,
1264 2895 1515 3005 hortaturque
1541 2906 1585 2977 ut
1609 2896 1836 3005 magistrum
1863 2896 2030 2978 Thente-

629 3030 803 3113 nicorum
821 3028 871 3109 ad
888 3052 998 3109 suum
1015 3028 1269 3135 praesentiam
1288 3026 1368 3109 sine
1385 3026 1565 3111 diletione
1582 3028 1825 3110 transmittat.

713 3256 815 3339 (Edld.
839 3256 1015 3329 numm„
1035 3251 1144 3316 Amat
1165 3252 1285 3331 suut,
1303 3261 1376 3316 tom.
1399 3256 1485 3327 lllll,
1501 3254 1519 3335 5
1533 3256 1592 3333 vl,
1613 3254 1652 3315 ed
1670 3270 1741 3316 nnn.
1763 3262 1855 3330 12³6,
1873 3270 1891 3315 e
1912 3258 2028 3331 regest,

750 3363 803 3423 ltb.
817 3362 857 3434 Χ,
872 3371 906 3422 n⁰
923 3370 989 3436 10³,
1004 3362 1057 3423 sod
1067 3365 1167 3423 mlnns
1179 3365 1308 3441 integrm
1323 3365 1371 3423 cul
1384 3362 1628 3439 complementum
1645 3362 1780 3423 addimus
1792 3378 1830 3423 ex
1843 3361 1955 3423 collect.
1973 3360 2030 3420 ln-

750 3472 834 3547 portc
846 3467 888 3529 du
901 3467 985 3527 Thell
998 3469 1030 3527 in
1041 3467 1180 3529 Bdrlluth.
1192 3471 1294 3547 imper.
1311 3466 1489 3545 Perlslensl.)

683 3666 882 3762 Gregorins3
903 3674 986 3757 etc,
1009 3666 1184 3738 carissimo
1208 3667 1244 3737 in
1266 3664 1396 3739 Christo
1421 3664 1491 3739 lilio
1515 3666 1569 3755 lt,
1587 3666 1815 3739 Romanorum
1839 3662 2031 3759 imperatori

636 3813 770 3885 semper
796 3798 963 3882 angusto,
986 3790 1173 3861 Jerusalem
1191 3800 1227 3861 et
1238 3788 1353 3861 Sicilie
1378 3790 1452 3883 regi
1474 3790 1608 3877 illustri,
1637 3788 1799 3878 sulutem,
1823 3797 1890 3859 etc.
1918 3786 2031 3858 Acce-

634 3916 772 3988 dentem
804 3911 849 3983 ud
879 3910 1003 3984 Sedem
1027 3911 1256 4007 Apostolicam
1286 3912 1448 3985 dilectum
1483 3910 1592 3984 filium
1620 3912 1819 4005 magistrum
1850 3909 2031 4002 liugerinm

634 4037 837 4109 canonicum
853 4036 1121 4127 Sulemitunum,
1141 4036 1300 4107 nuntium
1320 4046 1436 4127 tuum,
1461 4036 1611 4131 benigne
1630 4036 1822 4129 recepimus
1843 4044 1878 4106 et
1899 4044 1968 4105 tum
1991 4056 2032 4107 ea

634 4180 705 4255 que
731 4159 823 4233 idem
847 4181 962 4232 ocrem
987 4159 1088 4232 nobis
1113 4181 1305 4255 proponere
1329 4160 1439 4233 voluit
1462 4183 1567 4255 quam
1591 4182 1661 4257 que
1692 4170 1751 4232 tue
1778 4158 1888 4231 littere
1917 4157 2033 4230 conti-

635 4286 779 4373 nebant,
800 4284 1032 4356 intelleximus
1058 4283 1249 4375 diligenter.
1270 4284 1395 4357 Verum
1422 4306 1500 4356 cum
1528 4284 1610 4356 oliru
1631 4282 1677 4355 ad
1704 4292 1852 4356 nostrum
1880 4281 2032 4355 notitiem

635 4408 846 4503 pervenisset
875 4404 970 4500 quod
997 4406 1033 4475 in
1063 4406 1301 4478 lumbardiam
1334 4428 1513 4501 processus
1545 4428 1626 4479 snos
1657 4405 1843 4499 imperialis
1868 4402 2033 4477 celsitudo

637 4532 814 4627 dirigeret,
832 4550 898 4603 nos
911 4529 1005 4601 illum
1023 4528 1085 4623 qui
1101 4530 1174 4601 sula
1189 4530 1261 4601 Deo
1275 4530 1401 4625 plecita
1417 4530 1552 4603 efficere
1572 4550 1613 4602 ao
1628 4528 1721 4601 omni
1740 4548 1962 4622 personarum
1978 4548 2034 4599 ac·

636 4654 793 4749 ceptione
810 4661 939 4725 remota
961 4672 1080 4747 pacem
1104 4650 1314 4723 desideraret
1335 4662 1370 4724 et
1393 4650 1610 4725 concordiem
1628 4670 1847 4746 promovere,
1869 4648 1950 4721 illue
1976 4648 2034 4721 di-

634 4778 745 4869 rigere
772 4776 966 4871 cnpientes‚
984 4775 1214 4849 venerabilem
1240 4777 1376 4848 fratrem
1407 4785 1558 4847 nostrum
1584 4776 1782 4870 episcopum
1801 4772 2032 4845 Prencstinnm

635 4899 682 4973 ad
703 4907 816 4994 partes
841 4897 1046 4973 lombardie
1069 4898 1115 4973 de
1135 4900 1288 4973 nauum·
1302 4908 1495 4973 nostrorum
1521 4898 1663 4974 consilio
1685 4896 1901 4993 providimus
1926 4894 2034 4971 desti-
