4859 6359
1046 802 1051 810 .
1090 754 1302 817 rnrnnnrcr
1327 754 1499 817 sncuunr
1812 760 1892 839 [aaa.
1910 761 1996 823 reae.

807 1042 1738 1053 ν--οαο-οο-ιο--κηι-ο--οη-α-ο--συ--ι-ι-ῇ-α-ςοοου
1744 1044 1753 1053 ι
1762 1044 1783 1054 .-

514 1384 551 1452 ,ο
651 1332 855 1442 Gregorius
881 1358 981 1441 papa
1006 1330 1216 1438 Friderico,
1245 1331 1504 1414 Romanorum
1534 1330 1772 1440 imperatori,
1802 1331 2002 1439 respondet

597 1465 814 1575 querulanti
850 1492 964 1575 super
993 1490 1172 1575 processu
1202 1465 1413 1549 Prenestini
1439 1463 1628 1575 episcopi,
1659 1464 1850 1574 simulque
1881 1490 2002 1574 argu-

597 1609 726 1681 menta
743 1598 881 1681 refellit
897 1598 1038 1707 quibus
1065 1599 1270 1708 imperator
1297 1598 1347 1681 ad
1374 1623 1484 1681 suam
1510 1596 1777 1707 purgationem
1804 1623 1898 1680 usus
1924 1608 1999 1703 est3

596 1756 758 1814 monens
780 1730 925 1814 sortiter
949 1732 1055 1842 quod
1080 1731 1240 1842 iujurias
1261 1730 1450 1816 Ecclesiae
1471 1730 1664 1815 Romanae
1680 1739 1718 1813 et
1744 1730 1853 1840 regni
1879 1730 2003 1813 eccle-

597 1864 663 1946 siis
680 1864 805 1947 illates
821 1866 1025 1948 emendare
1049 1865 1199 1949 studeat
1217 1864 1277 1949 vel
1298 1864 1430 1949 timeat
1455 1889 1503 1947 ne
1528 1864 1631 1947 licus
1653 1863 1703 1946 ab
1730 1862 1813 1973 ejus
1838 1889 2000 1971 proces-

596 1996 702 2082 sibus
723 1998 855 2081 oeulos
872 2008 1028 2081 evertat.

674 2239 789 2313 (Edidit
804 2240 979 2311 numam„
992 2236 1103 2300 dunat.
1122 2235 1218 2299 acta.
1236 2240 1275 2301 ad
1288 2256 1361 2301 ann.
1384 2248 1474 2315 laeti,
1488 2239 1586 2301 sedin
1603 2240 1680 2301 duas
1698 2240 1874 2319 segregatim
1887 2243 2000 2315 partes,

713 2346 822 2407 scilicet
835 2344 859 2427 S
870 2346 1008 2409 vni-xi
1025 2351 1056 2406 ct
1072 2342 1096 2427 ὃ
1111 2345 1320 2419 xvli-xilV;
1336 2362 1409 2424 quas
1428 2345 1477 2405 hic
1499 2344 1632 2407 ordinate
1653 2347 1879 2423 conjunximus,
1902 2344 2002 2405 multis

713 2469 790 2530 quae
808 2453 917 2513 ibidem
939 2454 1060 2513 deerant
1081 2454 1114 2512 in
1134 2452 1232 2514 medlo
1253 2452 1378 2532 additis,
1392 2468 1410 2513 c
1423 2458 1531 2531 regest.
1551 2450 1675 2531 Gregor.
1695 2452 1748 2513 lib.
1764 2451 1804 2526 X,
1825 2460 1859 2511 n⁰
1880 2460 1955 2526 258,
1970 2454 1999 2511 in

711 2558 824 2620 collect.
839 2558 964 2637 lnporte
976 2558 1018 2619 dn
1030 2558 1141 2633 Theil.)

640 2770 845 2866 Gregorius,
869 2783 951 2860 ete,
968 2770 1159 2863 Friderico,
1179 2781 1246 2846 etc.
1274 2772 1310 2844 Si
1331 2772 1530 2845 memoriam
1545 2769 1790 2844 beneficiorum
1810 2769 2001 2844 Conditoris

593 2897 700 2970 eterni
717 2919 787 2991 que
803 2918 866 2991 per
883 2896 1110 2969 ministerium
1134 2916 1260 2993 sponse
1283 2916 1346 2969 sne
1369 2896 1406 2967 in
1428 2895 1594 2969 sublimes
1614 2916 1778 2991 personas
1794 2904 1830 2969 et
1853 2896 2001 2968 humiles

593 3022 733 3117 largiter
759 3031 982 3111 emanarunt,
1002 3020 1154 3094 humane
1175 3019 1434 3115 ingratitudinis
1459 3019 1589 3093 oblivio
1612 3020 1759 3111 deleret,
1779 3019 1809 3091 si
1834 3020 2001 3093 Dominus

594 3155 710 3220 noster
723 3148 823 3219 iesus
838 3145 1010 3236 Christus,
1026 3144 1139 3237 judex
1158 3144 1320 3219 vivorum
1338 3152 1373 3219 et
1387 3154 1619 3235 mortuorum,
1635 3142 1856 3236 judicaturus
1875 3143 2001 3239 apertis

592 3270 687 3344 libris
702 3270 930 3362 conscientie,
948 3270 1109 3342 revelatis
1126 3270 1344 3343 tenebrarum
1360 3268 1543 3365 operibus,
1560 3268 1761 3361 universos,
1781 3276 1820 3340 ut
1835 3268 2001 3343 Dominus

593 3396 783 3483 timeretur,
799 3395 897 3489 origo
915 3395 1081 3467 virtutum
1100 3392 1187 3467 tides
1204 3394 1411 3468 inconcussa
1426 3394 1640 3490 persisteret,
1656 3414 1761 3489 opera
1779 3402 1905 3465 statere
1920 3395 2000 3485 jus·

593 3520 668 3592 titie
682 3519 905 3615 ponderaret,
926 3519 1033 3591 verbe
1049 3518 1116 3591 sub
1137 3518 1290 3591 veritetis
1311 3518 1489 3613 signaculo
1506 3517 1750 3591 clauderentur
1771 3528 1807 3589 et
1826 3538 1866 3590 os
1886 3526 2001 3591 contra

594 3645 704 3716 Deum
719 3665 789 3717 non
806 3652 990 3739 poneretur
1005 3643 1042 3714 in
1059 3643 1191 3734 celum,
1208 3642 1304 3716 unde
1322 3642 1471 3716 tonitrua
1487 3642 1658 3737 prodeunt
1673 3650 1708 3713 et
1726 3642 1863 3735 fulgura
1884 3650 1999 3715 contre

594 3776 829 3863 persecutores
854 3787 937 3840 suos
954 3788 1037 3861 sepe
1056 3766 1159 3838 mittit
1179 3767 1272 3839 Deus
1296 3774 1331 3837 et
1352 3766 1519 3838 Dominus
1536 3766 1718 3838 ultionum.
1734 3766 1824 3837 Sane
1846 3784 1893 3837 ex
1914 3766 2000 3861 plu-

594 3892 693 3964 ribus
710 3890 831 3963 litteris
847 3890 893 3964 ad
912 3911 975 3964 nos
992 3900 1027 3963 et
1044 3890 1166 3963 iratres
1185 3899 1316 3963 nostros
1331 3910 1443 3985 nuper
1456 3889 1502 3963 ab
1518 3889 1685 3985 imperiali
1699 3889 1905 3962 excellentia
1922 3888 2000 3961 des·

596 4016 712 4089 tinctis
727 4014 826 4111 plura
839 4014 1038 4109 collegimus
1050 4036 1120 4108 que
1135 4013 1165 4086 si
1179 4014 1291 4109 stylus
1304 4012 1493 4108 mitigasset
1512 4012 1676 4085 humilior
1687 4020 1722 4085 et
1736 4011 1999 4085 amaritudinem

594 4142 723 4237 pagine
750 4140 960 4213 dulcorasset
992 4139 1136 4212 effectus
1164 4138 1355 4211 reverentie
1387 4136 1521 4228 lilialis,
1550 4136 1661 4209 virtus
1689 4134 1906 4208 discretionis
1934 4136 2001 4207 sub

594 4286 722 4337 manna
737 4262 930 4337 dulcedinis
947 4263 1151 4337 irascibilem
1168 4262 1326 4357 spiritum
1343 4270 1575 4355 temperasset,
1593 4270 1629 4333 et
1645 4260 1759 4354 imago
1775 4260 1838 4333 Dei
1856 4280 1926 4354 qne
1939 4280 2002 4331 re-

595 4391 701 4463 sultet
722 4390 758 4461 in
777 4390 918 4485 speculo
935 4388 1079 4461 rationis
1095 4408 1137 4460 ac
1154 4384 1343 4459 similitudo
1364 4386 1440 4479 ejus
1462 4406 1531 4481 que
1554 4408 1617 4482 per
1638 4384 1797 4459 affectum
1818 4383 1946 4457 bonum
1967 4394 2002 4455 et

595 4513 707 4585 zelum
730 4512 947 4585 rectitudinis
963 4512 1000 4583 in
1017 4512 1178 4607 potentiis
1195 4512 1311 4584 anime
1328 4510 1543 4583 naturalibus
1560 4508 1748 4596 invenitur,
1770 4527 1838 4579 non
1860 4506 2001 4578 luissent

597 4638 647 4709 sic
663 4636 845 4709 scribendo
861 4635 1001 4709 forsitan
1011 4636 1212 4709 deformato.
1229 4634 1298 4708 Sed
1311 4636 1399 4707 inter
1414 4642 1527 4709 cetera
1541 4633 1681 4729 epistole
1694 4639 1754 4705 tue
1769 4630 2000 4703 testimonium

595 4759 689 4856 quod
712 4781 909 4855 processum
926 4760 1130 4833 venerabilis
1153 4760 1268 4833 tratris
1292 4758 1399 4831 nostri
1414 4757 1602 4831 Preneetini
1618 4756 1788 4853 episcopi,
1808 4752 2002 4851 Apostolice

593 4884 694 4959 Sedis
710 4884 833 4980 legati,
854 4884 1090 4959 detestabilem
1103 4894 1138 4959 et
1149 4905 1325 4959 enormem
1341 4884 1482 4975 asserit,
1502 4902 1635 4977 nosque
1650 4880 1754 4955 totius
1770 4880 1871 4975 cnlpe
1887 4876 1998 4953 eidem
