4859 6359
479 801 586 872 burm,
596 802 642 884 9.]
935 801 1133 864 HISTORIA
1156 799 1451 864 otetotlltttclt.
1828 796 1887 860 ¹181

478 945 594 1010 noster
619 935 869 1012 invictissimus
889 935 1076 1032 imperator
1087 935 1289 1010 Frederions
1301 934 1526 1031 promisisset,
1544 943 1579 1008 et
1597 943 1715 1030 postea
1726 929 1888 1006 dominns

481 1069 595 1134 noster
605 1060 845 1134 serenissimus
854 1059 1050 1154 imperator,
1062 1080 1143 1134 eum
1153 1069 1244 1134 esset
1254 1059 1291 1131 in
1302 1057 1479 1154 procinctu
1485 1057 1593 1132 eundi
1602 1058 1639 1130 in
1649 1056 1889 1130 Alamanniam

481 1180 622 1256 firmiter
633 1183 842 1280 precepisset
853 1182 965 1281 ipsam
979 1183 1207 1278 quantitatem
1219 1181 1296 1254 auri
1309 1181 1589 1255 abuniversitate
1599 1180 1698 1254 Troie
1712 1180 1789 1254 sine
1805 1179 1889 1253 dila·

482 1305 548 1379 tioo
561 1305 658 1402 exigi
671 1315 707 1380 et
737 1357 1030 1380 ........
1043 1359 1055 1397 ,
1080 1327 1145 1380 nos
1162 1305 1334 1401 prediotoe
1349 1313 1385 1377 et
1397 1307 1592 1402 eomplures
1606 1304 1693 1378 alios
1709 1303 1887 1378 desudem

484 1429 705 1503 universitate
720 1438 892 1504 taxatores
909 1439 944 1504 et
956 1429 1154 1502 oolleotores
1169 1428 1215 1502 de
1228 1426 1383 1525 predicta
1396 1429 1588 1523 quantitate
1601 1427 1678 1502 auri
1690 1428 1786 1501 ouria
1798 1449 1887 1501 eon-

482 1552 590 1624 stituit
601 1561 636 1627 ot
647 1551 834 1629 ordinavit.
852 1554 970 1639 Quum
985 1552 1075 1628 inter
1086 1575 1150 1628 nos
1166 1553 1324 1648 diligenti
1340 1554 1483 1629 oonsilio
1509 1604 1884 1627 ..........

483 1675 599 1750 habito
616 1677 763 1771 singulis
784 1675 830 1752 de
850 1677 974 1752 eadem
994 1677 1219 1752 universitate
1237 1688 1272 1752 et
1299 1678 1490 1772 unicnique
1510 1687 1638 1752 esrom
1661 1675 1888 1771 quantitatem

483 1799 555 1874 auri
569 1799 763 1874 seeundum
776 1800 1082 1876 vireslaonltutum
1097 1823 1240 1875 suarum
1258 1812 1360 1898 prout
1373 1802 1618 1876 invenimnset
1631 1801 1793 1874 novimus
1813 1802 1886 1874 im-

483 1943 707 2019 posueramus
718 1922 776 2020 (l),
789 1922 835 1999 de
843 1945 916 2019 qua
928 1925 1004 1998 auri
1015 1925 1205 2020 quantitate
1216 1923 1426 2021 perficienda
1435 1925 1582 1998 iohanni
1590 1925 1716 1998 Taiuro
1726 1923 1888 1998 undecim

487 2045 603 2120 uuoias
620 2045 698 2118 auri
713 2068 777 2142 pro
792 2045 948 2143 prediola
962 2045 1200 2142 redemptione
1216 2048 1458 2144 imposuimus,
1478 2069 1566 2144 quas
1581 2101 1601 2120 ..
1625 2101 1641 2120 ,.
1662 2101 1683 2119 ..
1702 2100 1723 2118 ..
1744 2100 1763 2118 ..
1794 2100 1804 2118 .
1835 2101 1844 2119 .
1866 2101 1886 2120 ..

486 2191 543 2266 pro
558 2191 602 2244 eo
624 2169 721 2265 quod
742 2169 836 2244 idem
861 2170 1036 2246 lohannes
1053 2171 1200 2244 Talnrus
1222 2172 1333 2245 exivit
1352 2170 1399 2245 de
1416 2171 1534 2264 Troia,
1554 2193 1625 2244 non
1649 2171 1770 2256 solvit,
1793 2170 1887 2244 ouria

486 2293 582 2367 nobis
599 2314 661 2388 per
672 2293 808 2368 lieteras
821 2314 904 2370 suns
916 2291 1061 2366 firmiter
1073 2293 1297 2390 precipiendo
1310 2293 1493 2368 mandavit
1504 2292 1601 2388 quod
1616 2292 1664 2366 de
1674 2293 1806 2388 prediis
1815 2293 1890 2365 suis

486 2415 618 2490 rustieis
636 2415 693 2490 vel
706 2415 873 2498 hurbanie
894 2425 1027 2490 tantum
1046 2417 1276 2492 venderemus
1290 2426 1330 2490 ut
1346 2417 1571 2512 quantitatem
1582 2416 1659 2489 auri
1668 2437 1731 2512 per
1744 2438 1809 2490 nos
1820 2415 1888 2490 sibi

484 2540 677 2636 impositam
694 2540 791 2614 ouria
806 2541 1040 2629 solveremus;
1060 2563 1209 2636 quarum
1225 2541 1433 2614 eontinentia
1449 2540 1527 2614 talis
1543 2549 1641 2612 erat:

528 2663 758 2738 Prudentibns
789 2664 873 2738 viris
898 2664 1025 2757 bajulis
1049 2675 1084 2738 et
1107 2663 1222 2757 judici
1248 2665 1368 2756 Troie,
1388 2673 1472 2756 ete,
1500 2662 1670 2737 Rioardus
1703 2662 1749 2736 de
1773 2665 1888 2738 Monte

484 2767 625 2862 sumto
659 2787 848 2884 imperialis
883 2788 1110 2880 justiciarius,
1139 2798 1205 2862 eo.
1227 2789 1319 2876 outa
1347 2789 1445 2862 curu
1479 2787 1667 2882 musas
1703 2789 1887 2882 pennam

484 2910 549 2984 sibi
566 2911 769 3007 promissam
788 2933 852 3008 pro
872 2911 1117 2986 deliberatione
1136 2913 1352 3008 captivorum
1370 2912 1407 2984 in
1420 2910 1595 2984 obsidium
1615 2909 1714 2984 Trois
1729 2931 1810 2984 oum
1826 2911 1889 2983 in·
1937 2975 1940 2982 ,

484 3035 639 3128 tegritate
655 3035 800 3130 requirit
815 3045 851 3110 et
867 3036 978 3131 ipsam
994 3036 1069 3110 sine
1086 3035 1313 3110 diminutione
1329 3036 1483 3131 qualibet
1500 3035 1576 3108 vult
1595 3033 1741 3126 bebere,
1764 3037 1889 3131 provi-

477 3178 559 3230 sum
577 3167 629 3232 est
648 3167 688 3232 nt
707 3158 756 3230 hii
772 3157 817 3236 de
839 3168 929 3236 terra
950 3168 1066 3232 vestra
1088 3159 1150 3254 qni
1164 3179 1228 3254 per
1241 3179 1307 3232 vos
1326 3160 1385 3232 vel
1401 3159 1490 3232 alios
1507 3159 1779 3256 quamplurimos
1794 3160 1889 3233 viros

475 3281 592 3358 bonos
619 3335 1886 3357 ................................

483 3406 713 3501 possessiones
730 3406 788 3480 vel
805 3414 937 3502 partem
963 3407 1221 3502 possessionum
1238 3406 1376 3480 illorum
1401 3404 1447 3478 de
1467 3405 1567 3477 Troia
1587 3413 1658 3476 tam
1675 3406 1889 3498 captivorum

482 3551 587 3624 qnam
604 3539 639 3602 et
663 3531 809 3604 aliorum
831 3529 893 3624 qni
911 3530 1095 3625 pecuniam
1118 3531 1169 3603 eis
1193 3529 1389 3624 impositam
1413 3528 1548 3601 solvere
1572 3549 1642 3601 uon
1662 3537 1807 3623 possunt
1829 3539 1892 3602 aut

482 3653 623 3744 uolunt,
646 3675 757 3748 quum
781 3662 898 3726 tamen
919 3652 966 3727 ad
986 3651 1142 3728 debitum
1163 3652 1260 3725 curie
1278 3652 1438 3725 suffioere
1454 3650 1606 3747 possint,
1624 3662 1664 3722 nt
1680 3673 1727 3724 ex
1740 3652 1888 3747 pecunia

482 3797 527 3852 ex
546 3777 802 3873 possessionum
823 3778 977 3874 ipsorum
998 3776 1204 3850 vendicione
1217 3775 1356 3849 redacta
1369 3776 1466 3848 euris
1481 3773 1639 3847 satisfiat.
1656 3773 1770 3858 Quare
1789 3774 1891 3861 vobis

482 3921 528 3976 ex
543 3909 644 3996 parte
654 3899 821 3996 imperiali
835 3923 906 3996 qna
929 3901 1107 3995 fungimur
1126 3900 1328 3972 auctoritate
1347 3899 1556 3972 mandamus
1573 3909 1744 3993 qnatenus
1755 3909 1888 3972 tantum

482 4023 527 4098 de
538 4024 813 4120 possessionibus
831 4023 967 4098 illorum
985 4023 1141 4098 deTroia
1154 4045 1259 4118 qnam
1277 4022 1459 4118 pecuniam
1473 4022 1524 4094 eis
1540 4022 1736 4117 impositam
1757 4023 1890 4098 solvere

481 4157 659 4242 nequeunt
671 4155 733 4220 aut
750 4148 882 4239 nolunt,
902 4145 1062 4220 vendatis
1081 4147 1148 4220 illis
1161 4146 1206 4220 de
1224 4156 1313 4219 terra
1328 4155 1444 4218 vestra
1461 4145 1522 4238 qui
1539 4144 1586 4218 ad
1603 4144 1788 4218 emendum
1808 4199 1817 4218 .
1842 4199 1852 4218 .
1875 4196 1887 4218 .

485 4321 728 4342 .......
747 4293 808 4366 per
819 4291 884 4345 vos
894 4279 929 4344 et
944 4270 1048 4361 alios,
1065 4271 1155 4344 siout
1170 4268 1303 4343 dietum
1318 4278 1386 4352 est,
1404 4269 1583 4342 inventum
1597 4270 1716 4357 luerit,
1735 4268 1830 4363 qnod
1840 4267 1888 4341 nd

483 4392 639 4468 debitum
656 4393 751 4470 ourie
768 4394 870 4490 plene
882 4393 1035 4474 sufficiat
1052 4403 1086 4468 et
1108 4391 1204 4466 curie
1224 4389 1382 4483 satiebat,
1396 4391 1657 4466 venditionibus
1670 4392 1767 4487 ipsis,
1785 4401 1889 4487 prout

482 4739 511 4798 p.
527 4725 589 4796 tos,
603 4730 660 4781 not.
675 4727 703 4782 i.
716 4723 756 4782 bs
773 4723 956 4799 redemptione
971 4729 1061 4781 antem
1074 4723 1242 4798 captivorum
1253 4723 1347 4793 insius,
1358 4727 1472 4778 testante
1482 4721 1577 4777 iterum
1590 4720 1719 4778 llieomdo
1730 4721 1765 4780 da
1775 4723 1804 4780 S.
1815 4722 1888 4780 Ger·

484 4835 575 4893 mano,
589 4821 753 4878 edocemur:
771 4823 866 4880 «titt
882 4835 975 4878 meuse
991 4819 1095 4886 marti,
1120 4820 1218 4894 eaptivl
1235 4820 1269 4877 de
1287 4818 1383 4893 Apulia
1395 4817 1441 4891 qui
1459 4816 1619 4875 tenebantur
1636 4818 1708 4892 apud
1724 4817 1884 4892 Canusium,

483 4933 532 4992 per
542 4915 722 4977 interventum
734 4917 864 4992 pecuniae
877 4916 1035 4987 liberentur,
1049 4922 1077 4975 et
1089 4933 1124 4976 ox
1133 4917 1173 4976 eis
1185 4916 1383 4992 quidamdigna
1394 4920 1458 4973 sunt
1466 4930 1554 5004 poena
1564 4914 1720 4973 mulctati.»
