4859 6359
405 753 563 841 lvmur.9.]
856 759 1053 821 HISTORIA
1076 762 1368 829 oratottnvlcd.

457 1271 695 1379 Fridericus‚
723 1272 985 1357 Romanorum
1008 1275 1235 1386 imperator,
1262 1274 1431 1359 oblatam
1464 1272 1536 1357 sibi
1562 1300 1586 1357 a
1611 1272 1815 1357 Bertholdo
1877 1284 2006 1381 „332⁸

404 1403 542 1490 abbate
559 1404 875 1490 Ottobeuemensi
894 1407 1130 1489 advocatiam
1150 1406 1296 1517 praedii
1317 1404 1555 1489 Helchenriet
1572 1414 1757 1515 acceptat,
1777 1416 1815 1489 et
1849 1392 1939 1442 Μ’
1960 1402 1973 1433 “
1992 1404 2013 1434 ⁰·

404 1548 491 1647 post
513 1548 664 1648 tempus
687 1548 861 1622 accurate
882 1538 1125 1649 designatum
1147 1565 1226 1621 una
1252 1565 1340 1623 cum
1368 1536 1564 1621 advocatia
1594 1538 1813 1621 monasterii

405 1671 540 1755 usibus
558 1670 638 1753 suis
656 1670 867 1780 subjectam
885 1695 969 1754 esse
985 1671 1167 1755 declarat.

485 1882 621 1963 (Edltum
634 1887 666 1946 tn
678 1884 900 1956 annnaumn,
917 1882 1126 1947 orontem
1136 1882 1326 1961 smrotcter,
1342 1892 1363 1947 t.
1380 1887 1427 1961 ΙΙ,
1441 1904 1472 1964 p.
1491 1894 1647 1958 svs-375,
1663 1920 1703 1931 -
1718 1892 1748 1947 ct
1760 1902 1809 1963 ap.

523 1990 656 2053 Moeram,
670 1990 762 2063 Boio..
774 1997 799 2052 t.
809 1989 907 2068 XXX,
919 2009 951 2069 p.
964 2000 1035 2066 249,
1045 2008 1128 2053 num.
1140 1991 1310 2071 DCCXLII,
1323 2009 1360 2053 ex
1375 1990 1507 2071 originali
1521 1994 1607 2069 culus
1620 1992 1748 2071 sigillum
1761 2008 1811 2069 pe·

524 2100 591 2172 rm,
606 2105 777 2160 remanente
788 2102 921 2160 maxima
933 2106 1016 2177 parte
1029 2098 1148 2161 illorum
1159 2102 1318 2161 sericorum
1330 2100 1411 2161 rubrt
1424 2098 1554 2178 coloris.)

452 2280 690 2383 Fr[iderieus]‚
713 2285 776 2357 Dei
799 2287 909 2379 gratia
929 2286 1161 2359 Romanorum
1186 2287 1370 2382 imperator
1392 2307 1526 2381 semper
1548 2296 1734 2380 augustus,
1759 2286 1815 2359 Ja-

404 2409 553 2481 rusalem
570 2418 606 2481 et
622 2409 749 2505 Sicylie
766 2430 844 2481 rex.
864 2410 995 2483 Tenoro
1010 2411 1219 2505 presentium
1236 2418 1356 2481 notum
1375 2431 1450 2482 esso
1468 2410 1630 2482 volumus
1646 2409 1815 2483 universis

405 2530 541 2626 imperii
554 2530 716 2606 fidelibus
729 2542 798 2605 tum
816 2534 1035 2629 presentibus
1053 2556 1160 2629 quam
1181 2534 1306 2605 futuris
1329 2532 1425 2627 quod
1449 2534 1653 2606 constitutus
1674 2534 1709 2606 in
1731 2556 1813 2629 pre-

404 2654 514 2727 sentia
528 2666 645 2729 nostra
659 2656 866 2730 Bartholdus
881 2658 1088 2731 venerabilis
1103 2658 1213 2733 abbas
1227 2658 1272 2732 de
1285 2658 1540 2747 Utenbuoeren,
1554 2656 1667 2731 fidelis
1685 2670 1812 2751 noster,

404 2782 518 2851 future
539 2778 782 2877 indempnitati
805 2781 860 2853 sui
893 2782 1091 2855 monasterii
1118 2782 1301 2855 consulens
1325 2804 1431 2875 super
1454 2781 1574 2877 predio
1600 2782 1814 2856 Helchcnriet

404 2903 499 2999 quod
516 2924 633 2977 oomes
646 2904 819 2977 Gotfridus
835 2904 879 2979 do
894 2905 1035 2978 Marstet
1050 2915 1085 2978 et
1098 2928 1188 2979 uxor
1202 2906 1278 2998 ejus
1292 2904 1437 2977 Bercbta
1454 2927 1516 3001 pro
1531 2904 1684 2978 remedio
1700 2907 1815 2981 anime

404 3049 467 3099 sue
485 3026 579 3099 dicto
605 3028 811 3101 monasterio
836 3028 1072 3121 contuleruut,
1092 3028 1345 3125 imperatoriam
1362 3028 1574 3121 majestatem
1597 3038 1745 3101 nostram
1768 3032 1813 3103 ad
1906 3044 1918 3058 “

404 3150 471 3223 hoc
487 3151 618 3245 eligens
634 3150 805 3223 concessit
817 3150 918 3223 nobis
930 3149 1145 3223 advocatiam
1164 3151 1209 3223 de
1227 3151 1347 3247 predio
1361 3160 1547 3224 memorato
1564 3177 1572 3223 ε
1592 3172 1633 3224 eo
1650 3153 1814 3226 videlicet

405 3282 505 3367 pacto
523 3282 562 3346 ut
583 3272 752 3367 quamdiu
779 3274 954 3368 predictus
978 3296 1094 3347 comes
1118 3284 1153 3347 et
1178 3296 1269 3347 uxor
1294 3277 1368 3367 ejus
1394 3274 1518 3346 Bertha
1538 3276 1809 3371 supervixerint,

404 3396 533 3491 quibus
555 3396 688 3469 ratione
713 3397 869 3489 ejusdem
894 3396 1077 3470 advocatie
1100 3396 1146 3470 de
1171 3396 1326 3493 predicto
1349 3399 1554 3468 monasterio
1578 3406 1670 3471 certa
1691 3398 1812 3493 pensio

404 3531 457 3592 est
474 3519 672 3615 designata,
691 3522 748 3593 vei
767 3520 972 3614 quamdiua
995 3521 1192 3617 receptione
1209 3520 1302 3593 dicte
1325 3520 1501 3617 pensionis
1523 3522 1717 3595 voluntarie
1741 3544 1810 3595 non

405 3644 570 3717 duxerint
589 3644 841 3737 recedendum,
869 3646 1008 3719 nomine
1033 3645 1187 3741 predicte
1208 3644 1390 3719 advocatio
1413 3646 1518 3718 nichil
1543 3646 1680 3742 penitus
1702 3648 1812 3743 perci·

405 3790 485 3863 pere
507 3769 708 3843 debeamus.
734 3770 915 3843 Ambobus
931 3791 1015 3843 vero
1031 3780 1064 3843 et
1091 3771 1215 3844 comite
1238 3779 1273 3842 et
1288 3770 1459 3841 comitissa
1484 3768 1733 3843 decedentibus
1756 3772 1812 3843 voi

404 3894 561 3987 pensioni
585 3916 650 3967 sue
668 3894 815 3966 totaliter
835 3894 1128 3987 renuntiantibus,
1148 3896 1207 3987 jus
1230 3894 1482 3968 advocaticium
1507 3892 1551 3965 de
1575 3893 1669 3967 totali
1693 3893 1813 3988 predio

404 4019 545 4091 transiet
567 4018 603 4089 in
631 4039 717 4090 usus
742 4027 893 4106 nostros,
912 4039 954 4091 eo
974 4019 1054 4109 jure
1076 4028 1111 4091 et
1131 4017 1330 4091 conditione
1350 4017 1479 4111 quibus
1500 4016 1681 4091 advocatia
1704 4018 1814 4112 preli-

404 4141 476 4215 bati
494 4142 691 4215 monasterii
716 4141 840 4215 nostris
863 4142 984 4214 usibus
1007 4152 1060 4215 est
1074 4142 1240 4236 subjecta.
1262 4142 1318 4216 Ad
1345 4142 1451 4235 hujus
1474 4142 1590 4235 itaque
1612 4143 1662 4215 rei
1683 4164 1812 4215 memo·
1945 4184 1949 4195 ·

404 4264 490 4336 riam
506 4273 543 4336 et
554 4264 660 4336 robur
677 4264 713 4335 in
732 4274 907 4359 posterum
923 4264 1123 4353 valiturum,
1142 4286 1285 4359 presens
1300 4266 1465 4359 scriptum
1479 4266 1594 4357 sigillo
1609 4275 1723 4338 nostre
1741 4267 1814 4338 oel-

404 4382 565 4455 situdinis
578 4382 724 4455 fecimus
742 4383 909 4454 roborari.
1566 4418 1568 4421 ·

451 4508 577 4581 Datum
607 4506 704 4601 apud
734 4506 907 4579 Gunnenlo
936 4504 989 4602 (t)
1015 4505 1051 4577 iu
1080 4506 1218 4596 castris,
1247 4528 1339 4578 anuo
1368 4504 1539 4579 dominice
1569 4506 1812 4581 incarnationis

405 4629 585 4705 millesimo
604 4628 842 4705 ducentesimo
859 4630 1031 4703 tricesimo
1048 4637 1165 4720 sexto,
1192 4650 1311 4702 mense
1327 4628 1422 4723 julii,
1446 4648 1536 4703 nouo
1552 4628 1760 4704 indictionis.

410 4798 527 4810 -n—-u-
620 4802 643 4810 -
648 4803 681 4810 ..-
687 4803 748 4810 --
752 4803 760 4810 ι
765 4802 852 4811 ’.ο-..ι
856 4802 1112 4811 ..-ηιμ-ἡ...
1116 4800 1455 4810 -n--nn-o--n-—u-——uu-

441 4882 478 4957 (4)
496 4882 583 4943 Locm
594 4884 671 4959 iuxta
684 4882 796 4945 flurium
808 4885 879 4944 lech
893 4901 977 4961 prope
989 4884 1147 4959 Augustam,
1156 4884 1238 4944 hodio
1249 4884 1372 4945 rimemus
1385 4884 1488 4944 scilicet
1498 4890 1606 4961 proptor
1617 4886 1812 4961 inundationes,
