4859 6359
616 770 679 836 ‘198
1118 769 1336 834 volentum
1359 769 1534 834 sncnnot
1847 767 1927 848 [am.
1944 768 2034 831 1285

616 907 749 980 saccus
765 902 948 978 Mediolani
967 912 1130 1000 potestas,
1147 905 1310 980 dominns
1326 907 1474 981 Ubartuo
1489 905 1535 980 da
1545 900 1720 978 llandello
1736 909 1888 999 potestas
1900 901 2033 992 raude,

618 1027 782 1102 dominos
803 1027 936 1101 Florius
959 1025 1006 1102 de
1020 1028 1198 1102 Cmtelletc
1214 1039 1364 1125 potestas
1381 1027 1547 1122 Novarie,
1571 1027 1736 1102 damiam
1754 1027 1947 1098 Resonatua
1965 1026 2035 1099 Pu·

621 1153 798 1226 teibonelli
822 1161 972 1250 potestas
996 1151 1224 1248 Alexandrie,
1251 1154 1414 1229 dominos
1439 1151 1619 1228 cantatu
1643 1151 1690 1226 de
1710 1149 1864 1224 (onom
1885 1158 2036 1247 potestas

621 1277 732 1368 Comi,
751 1275 911 1350 dominns
926 1275 1105 1350 llaioerim
1123 1278 1206 1350 Zeni
1222 1287 1374 1376 potmtao
1393 1278 1543 1370 Trivici,
1558 1276 1724 1350 dominus
1747 1274 1855 1347 odom
1874 1271 1921 1347 dc
1938 1274 2035 1346 dlon·

620 1399 713 1476 dollo
733 1409 883 1496 potestas
897 1399 1033 1494 Padue,
1055 1401 1219 1475 dominus
1241 1402 1481 1476 Camelvmios
1502 1399 1548 1474 de
1566 1400 1673 1474 Uzine
1695 1409 1846 1496 potestas
1867 1397 2034 1488 Βοιωίο,

622 1523 786 1596 dominas
807 1523 967 1618 Pogonus
990 1523 1035 1598 de
1058 1525 1092 1598 la
1111 1527 1219 1599 Turro
1238 1534 1391 1622 polentas
1405 1525 1525 1598 Brixie
1544 1531 1580 1596 et
1603 1522 1768 1596 dominos
1786 1517 1946 1594 mom
1970 1519 2035 1593 do·

622 1647 708 1720 mini
726 1647 977 1722 dldevrandini
994 1649 1136 1722 nomino
1152 1655 1187 1722 et
1209 1650 1289 1723 vico
1304 1649 1483 1747 potestatis
1497 1647 1680 1738 Faventie,
1696 1647 1902 1740 jnraverunt
1922 1652 1960 1717 et
1979 1664 2034 1716 re·

623 1773 858 1844 formaverunt
886 1771 1086 1846 societatem
1116 1770 1326 1867 predictam,
1354 1763 1389 1846 et
1418 1773 1570 1868 prelatos
1598 1770 1763 1845 dominus
1790 1767 1964 1842 lohannes
1989 1767 2035 1841 do

622 1895 723 1968 Porta
761 1893 914 1968 Ferraria
949 1905 1098 1992 potestas
1142 1897 1282 1970 nomine
1309 1906 1347 1970 et
1371 1897 1450 1971 vioe
1475 1895 1669 1969 communio
1701 1893 1855 1968 Ferrarie
1878 1893 1918 1964 in
1944 1892 2035 1966 dieta

624 2017 791 2093 concione
813 2019 945 2112 juravit
975 2019 1105 2094 dictam
1132 2021 1332 2094 societatem
1363 2019 1592 2112 Lombardia,
1624 2017 1778 2094 Mnetie
1812 2027 1848 2092 et
1867 2017 2035 2090 domanio

624 2140 819 2216 secundum
837 2141 980 2216 modum
997 2153 1034 2215 ot
1062 2144 1207 2217 formam
1227 2152 1264 2218 ot
1284 2143 1518 2218 conditionem
1545 2163 1653 2239 quam
1677 2141 1818 2216 dixerat
1840 2151 1876 2214 et
1901 2162 2035 2237 propo-

623 2274 740 2340 suerat
761 2265 911 2340 dominio
935 2266 1174 2341 Bartholomeo
1199 2268 1340 2342 antiano
1366 2278 1402 2341 et
1426 2268 1586 2342 Ursulioo
1609 2263 1723 2361 indici
1746 2264 1937 2338 rectoribus
1961 2267 2035 2339 llo-

624 2390 728 2464 nonie
746 2389 823 2488 (sir)
842 2399 877 2463 et
891 2411 1013 2464 eorum
1029 2391 1145 2466 sociis.
1163 2391 1373 2466 Protaotatos
1390 2393 1457 2465 init
1468 2391 1567 2488 quod
1583 2391 1620 2462 in
1633 2390 1730 2464 nollo
1747 2389 1817 2462 alic
1831 2390 1909 2462 volt
1928 2391 2034 2462 teneri

624 2537 688 2611 pro
710 2514 885 2588 communi
902 2515 1055 2589 Ferraria
1072 2537 1138 2590 noc
1152 2517 1267 2614 ipsum
1287 2537 1472 2591 commone
1488 2517 1577 2613 ipsis
1591 2513 1784 2588 rectoribus
1804 2515 1860 2586 vel
1881 2513 2036 2587 molenti

625 2637 793 2734 predicte,
814 2639 883 2712 nisi
906 2639 1099 2714 secundnm
1116 2640 1212 2736 qnod
1231 2641 1432 2738 predixerat
1447 2651 1483 2714 et
1506 2661 1587 2714 orm
1612 2637 1823 2736 supradictis
1843 2638 1982 2711 antiano
1999 2645 2036 2710 ot

624 2761 816 2834 rectoribus
843 2763 959 2836 luerat
981 2770 1084 2836 otest
1103 2763 1140 2835 in
1165 2763 1349 2837 concordia
1368 2774 1404 2838 et
1419 2765 1588 2860 scriptam
1604 2764 1775 2858 reperitur
1789 2783 1853 2859 per
1875 2781 1932 2834 me
1946 2760 2033 2833 Ari-

624 2886 760 2960 berlnm
777 2887 961 2960 notarium.
983 2887 1053 2974 Qui
1073 2895 1225 2961 rectores
1252 2887 1446 2961 seeundum
1470 2886 1616 2961 modum
1637 2885 1874 2983 supradictum
1896 2906 2037 2982 recepe·

626 3019 707 3082 runt
722 3031 801 3086 enm
818 3022 852 3084 et
865 3011 982 3104 jurare
996 3013 1152 3085 lecerunt
1167 3011 1203 3084 in
1221 3011 1316 3086 dicta
1335 3013 1510 3087 concione.
1520 3013 1563 3086 llt
1580 3033 1647 3107 ego
1663 3010 1857 3102 Ariharms,
1867 3021 1906 3082 ut
1917 3029 2033 3105 evpm.

456 3633 579 3730 [mugga
677 3600 769 3682 lnde
792 3599 997 3708 imperator
1024 3625 1064 3682 se
1087 3598 1247 3682 contulit
1263 3599 1314 3681 ad
1339 3599 1524 3710 oppidum
1543 3597 1777 3707 Haginhowe
1797 3597 1837 3678 in
1854 3622 1935 3706 quo
1952 3594 2040 3677 hie-

440 3743 517 3776 ²¹⁰'⁸¹¹¹
554 3759 560 3774 ·
623 3735 756 3816 mavit.
791 3733 847 3816 lbi
880 3732 1070 3815 affuerunt
1098 3757 1226 3815 comes
1253 3731 1465 3815 dolosanus
1486 3743 1526 3816 et
1547 3753 1675 3816 comes
1699 3729 1931 3816 Provinciae.
1961 3730 2041 3812 lle-

622 3867 721 3976 cepit
739 3877 867 3950 autem
885 3893 1012 3951 comes
1031 3865 1243 3950 Tolosanus
1261 3865 1472 3948 marchiam
1490 3867 1710 3951 Provinciae
1727 3865 1777 3949 ab
1794 3865 2038 3974 imperatore,

622 3999 847 4110 homagium
875 3999 947 4082 sibi
979 4009 1190 4108 praestans.
1223 3999 1359 4082 Comes
1386 4009 1514 4082 autern
1539 3998 1759 4084 Provinciae
1793 3999 2040 4109 quinquage-

623 4133 755 4215 narius
778 4131 864 4214 ideo
887 4141 979 4214 tuno
1006 4131 1174 4240 primum
1200 4130 1250 4213 ab
1274 4131 1502 4240 imperatore
1529 4132 1579 4214 ad
1606 4133 1771 4242 gradum
1797 4131 1955 4212 militiae
1981 4143 2040 4214 est

625 4275 844 4377 provectae,
866 4264 958 4374 quia
976 4263 1132 4347 comites
1151 4287 1244 4346 suae
1263 4262 1479 4373 parentelae
1502 4287 1543 4346 se
1568 4288 1647 4346 non
1664 4261 1827 4346 credunt
1843 4261 1911 4345 diu
1924 4285 2041 4372 posse

626 4399 751 4483 rivere
777 4407 982 4508 postquam
1014 4395 1178 4509 gradum
1209 4393 1367 4480 militiae
1394 4406 1486 4479 sunt
1514 4395 1708 4505 adepti...
1738 4395 1884 4480 ibidem
1913 4395 2041 4480 nuntii

627 4531 780 4642 reginae
809 4529 1013 4640 Hispaniae
1041 4527 1103 4641 (l)
1132 4527 1321 4614 affuerunt
1348 4529 1416 4640 qui
1450 4527 1727 4638 pulcherrimos
1757 4527 1968 4613 dextrarios
2002 4539 2041 4612 et

664 4795 699 4868 ll)
717 4793 823 4852 Scilicet
840 4793 961 4866 Beatrix,
976 4811 1046 4869 quae
1062 4793 1144 4851 etiam
1160 4791 1249 4865 Elisa,
1262 4791 1378 4868 Philippi
1396 4793 1578 4851 Romanorum
1595 4793 1667 4868 rogis
1687 4793 1781 4852 ultima
1803 4791 1927 4851 tilianam.
1947 4791 2040 4852 Mense

625 4891 764 4952 novembri
779 4895 859 4964 talo,
874 4889 1043 4950 Ferrlrnando
1052 4889 1181 4951 Castaliae
1191 4897 1220 4949 et
1232 4887 1355 4966 legionis
1368 4891 1425 4966 regi
1437 4898 1574 4966 nupserat.
