4859 6359
364 804 465 865 hnrcr.
481 803 526 881 7.]
820 798 1018 865 HISTORIA
1042 798 1338 863 DIPLOMATICA.
1714 794 1774 859 oet

364 946 454 1011 serat
468 944 504 1009 et
520 956 585 1031 pro
598 956 669 1031 quo
683 933 789 1008 iidem
798 932 954 1027 dederat,
975 942 1010 1009 et
1022 934 1156 1027 judioet
1167 935 1228 1027 jus
1239 955 1355 1009 suum.
1374 933 1461 1005 ltem
1476 931 1597 1027 siquis
1612 930 1659 1005 de
1671 932 1774 1025 prin-

365 1060 500 1156 cipibus
514 1068 576 1131 aut
588 1058 769 1131 comitibus
780 1059 838 1133 vel
850 1058 1024 1133 nobilibus
1036 1079 1100 1155 pro
1111 1056 1238 1133 delicto
1251 1055 1377 1152 judicii
1391 1076 1517 1151 penam
1530 1063 1583 1127 ter
1597 1054 1775 1149 pertuterit

364 1182 600 1273 constitutam,
629 1180 851 1277 postmodum
874 1180 1007 1275 jndicio
1035 1180 1133 1275 quod
1160 1180 1284 1254 habuit
1315 1188 1367 1254 est
1395 1178 1597 1275 privandus.
1615 1178 1773 1253 Preteoea

364 1306 547 1379 statuimus
562 1313 603 1378 ut
619 1305 787 1379 sententis
801 1304 1201 1401 proscriptionietantum
1214 1304 1345 1377 inioeis
1355 1302 1502 1399 publicis
1520 1303 1768 1397 promulgetur,
1911 1323 1914 1328 ’

364 1450 428 1503 neo
446 1429 625 1525 proscripti
641 1430 861 1524 aliquatenus
876 1430 1100 1503 absolvuntur
1112 1430 1178 1501 nisi
1195 1428 1378 1503 sufficienti
1386 1426 1545 1499 cautione
1558 1424 1771 1518 fidejussoria

363 1552 582 1649 precedente.
597 1543 887 1647 Quod'siquidem
909 1554 939 1626 si
949 1553 1062 1645 judex
1078 1574 1148 1626 non
1163 1554 1297 1642 iecerit,
1323 1552 1437 1626 ablata
1455 1551 1491 1623 in
1507 1550 1678 1645 integrum
1696 1571 1769 1622 res·

364 1676 465 1749 tituat
480 1675 671 1772 dampnum
689 1698 811 1775 paseo;
832 1676 928 1772 quod
948 1676 1051 1751 etiam
1070 1677 1301 1772 promittimus
1321 1697 1386 1749 nos
1408 1678 1570 1752 tacturos.
1590 1676 1675 1747 Item
1690 1694 1770 1747 mo-

364 1809 461 1874 netas
473 1802 578 1874 taleas
591 1812 625 1875 et
642 1801 786 1894 injustas
803 1820 845 1873 ao
860 1800 987 1893 iniusta
1003 1800 1153 1874 thelonia
1167 1821 1272 1895 quea
1288 1808 1443 1895 tempore
1454 1798 1586 1872 domini
1600 1798 1770 1871 Frederioi

363 1924 578 2020 imperatoris
593 1926 712 2020 proavi
730 1924 836 1998 nostri
854 1924 987 2019 absque
1007 1945 1178 1999 eonsensu
1189 1934 1226 1999 et
1240 1925 1460 1997 eonuiventia
1480 1924 1674 2019 principum
1688 1932 1771 1997 sunt

363 2056 509 2140 statuta,
529 2070 590 2144 per
605 2048 808 2121 sententiam
825 2068 1001 2122 eessamns
1024 2058 1058 2121 et
1072 2048 1282 2145 precipimus
1294 2048 1461 2137 amoveri,
1482 2057 1517 2119 et
1536 2068 1601 2119 nos
1617 2048 1767 2121 thelonia

361 2180 477 2245 nostra
500 2170 636 2245 noviter
656 2170 810 2243 instituta
828 2172 985 2267 primitus
998 2192 1215 2260 emovemus,
1240 2182 1507 2267 transgressores
1519 2192 1624 2242 mann
1641 2172 1769 2265 potenti

361 2304 395 2368 et
409 2305 551 2368 extento
566 2294 708 2367 brachio
729 2294 955 2369 cohercendo.
975 2295 1220 2390 Principesque
1237 2296 1333 2367 curie
1349 2304 1528 2390 presentes
1546 2295 1768 2369 ecelesiastici

360 2428 395 2491 et
413 2416 582 2491 mundani
608 2416 678 2491 tide
695 2417 776 2493 data
793 2417 976 2491 efficaciter
999 2418 1036 2489 in
1062 2428 1195 2490 nostras
1216 2440 1341 2491 manus
1357 2419 1587 2514 promiserunt
1608 2417 1701 2511 quod
1721 2418 1769 2493 nd

359 2539 612 2638 reprimendam
631 2550 923 2635 transgressorum
941 2540 1149 2637 proterviam
1165 2550 1200 2614 et
1217 2542 1263 2615 ad
1273 2542 1367 2634 justa
1377 2540 1509 2634 judicia
1528 2542 1767 2635 prosequenda

359 2664 452 2739 fideti
474 2664 575 2737 nobis
601 2664 734 2737 auxilio
756 2664 927 2738 assistent.
959 2666 1043 2737 item
1060 2666 1243 2739 statuimus
1255 2676 1294 2737 ut
1311 2666 1427 2736 nulius
1444 2665 1480 2734 in
1497 2684 1644 2759 persona
1659 2666 1715 2736 vel
1730 2665 1767 2735 in

359 2788 463 2861 rebus
490 2788 595 2862 alieni
625 2787 815 2884 dampnum
844 2788 985 2880 inierat,
1015 2787 1081 2860 nisi
1110 2789 1206 2883 prius
1235 2810 1317 2861 eum
1347 2789 1405 2861 oni
1430 2787 1621 2883 dampnum
1638 2789 1764 2861 interne

356 2912 678 2987 volneritadminus
688 2913 791 2985 trium
801 2911 936 2985 diemm
952 2922 986 2985 et
998 2912 1151 2986 noctium
1163 2913 1275 3009 spatio
1288 2911 1510 3003 diffidaverit,
1522 2920 1557 2984 et
1574 2921 1658 2983 tuno
1669 2921 1763 2984 uter·

357 3058 426 3132 qne
440 3058 562 3133 pacem
576 3037 622 3109 ab
634 3037 742 3109 altero
759 3058 822 3133 per
838 3036 1033 3133 predictum
1048 3037 1232 3109 terminum
1250 3036 1410 3125 habebit;
1431 3034 1583 3129 alioquin
1604 3056 1665 3129 per
1678 3056 1765 3109 sen-

357 3160 498 3235 tentiam
509 3160 754 3255 proscribatur.
773 3160 920 3257 Reysam
938 3182 1009 3256 que
1019 3159 1257 3257 Keymszuche
1273 3159 1324 3256 (a)
1340 3158 1467 3232 dieitur
1481 3158 1600 3253 siquis
1613 3160 1763 3231 oommi-

357 3285 454 3375 serit,
466 3284 712 3381 pmeoribatur.
724 3285 809 3359 Item
823 3284 1033 3379 precipimus
1046 3284 1142 3379 qnod
1156 3284 1273 3355 nullus
1287 3284 1497 3357 eonduetum
1510 3282 1765 3377 alicuiprebeat

355 3407 422 3481 nisi
445 3409 533 3481 torte
558 3408 769 3483 nonduetum
794 3430 816 3481 a
840 3407 941 3479 nobis
966 3416 1001 3480 et
1019 3408 1064 3480 ab
1080 3408 1224 3502 imperio
1237 3410 1317 3500 jure
1331 3407 1506 3502 possideat
1519 3406 1658 3479 feodati.
1677 3410 1763 3479 item

355 3532 392 3603 in
406 3532 568 3604 omnibns
587 3531 801 3624 civitatibus,
829 3528 988 3627 oppidis,
1016 3531 1285 3623 munitionibus,
1305 3532 1399 3605 villis
1416 3542 1452 3603 et
1466 3531 1544 3603 aliis
1562 3532 1646 3605 locis
1663 3532 1761 3627 regni

353 3655 461 3728 nosni
472 3654 731 3747 jurisdictiones
744 3654 1096 3751 archiepisoopnrum‚
1117 3656 1375 3752 episcoporum,
1396 3655 1713 3728 archidianonornm
1726 3666 1762 3730 et

354 3780 541 3853 sententias
556 3800 676 3853 eornm
694 3780 905 3877 precipimus
922 3778 1063 3853 firmiter
1079 3779 1268 3852 observari.
1291 3781 1376 3852 item
1398 3778 1516 3852 omnia
1540 3779 1763 3873 privilegien

355 3902 499 3977 domino
512 3902 716 3999 imperatore
732 3912 830 3999 patre
843 3913 960 3977 nostro
973 3913 1009 3977 et
1019 3926 1040 3977 a
1052 3903 1152 3977 nobis
1163 3916 1234 3976 tam
1245 3904 1459 4000 principibus
1472 3902 1760 3997 quamnobilibne

353 4027 503 4121 indulte,
521 4049 584 4124 per
598 4027 715 4101 omnia
732 4027 895 4101 volumus
906 4050 981 4102 esse
993 4028 1102 4102 salva.

403 4590 613 4701 Henrione,
652 4590 913 4677 Romanorum
948 4616 1038 4699 rex,
1073 4601 1277 4702 postquam
1310 4592 1506 4675 Comedus
1540 4594 1761 4679 Hildeshei-
1792 4589 1949 4702 eddim

351 4725 494 4808 mensis
525 4724 726 4835 episeopus
757 4725 830 4809 sibi
861 4734 1092 4835 conquestus
1122 4724 1237 4807 tuerit
1271 4725 1377 4835 quod
1407 4724 1506 4809 nives
1538 4725 1761 4813 Hildeshei-
1792 4698 1942 4850 affin

392 4910 433 4992 (a)
454 4911 539 4975 nus
554 4909 753 4976 renum.
