4859 6359
603 805 664 868 784
1101 801 1316 864 tatuuatct
1340 799 1516 864 sacuam
1824 803 1907 884 [lin.
1924 805 2012 871 1235.

723 937 833 1000 braum
847 935 953 1010 infima
974 935 1107 998 succisus
1126 941 1189 1011 est,
1212 935 1261 998 vei
1282 937 1381 1014 potius
1401 933 1577 996 mandatum
1597 932 1680 1012 quod
1700 932 1741 996 ab
1757 935 1879 998 exordio
1897 953 2015 1018 suuper

725 1043 822 1124 sigillo
835 1044 941 1118 caruit,
953 1042 1038 1104 altari
1046 1045 1129 1121 iusto
1141 1045 1340 1104 imbumento
1350 1046 1442 1120 mque
1452 1039 1549 1120 sigillo
1561 1039 1677 1102 munito
1688 1039 1838 1104 inclusum
1849 1041 1940 1123 erat)

655 1225 894 1328 Fr[idericus],
914 1229 976 1302 Dei
992 1229 1102 1324 gratia
1114 1229 1346 1303 Romanorum
1362 1226 1548 1322 imperator
1561 1247 1695 1322 semper
1710 1236 1891 1324 augustus,
1906 1231 2013 1305 Jeru-

606 1353 713 1426 salem
731 1362 765 1426 et
779 1351 894 1425 Sicilie
911 1375 994 1444 rex,
1021 1351 1202 1426 buticlario
1223 1350 1269 1425 de
1284 1349 1528 1423 Nuorenbercb
1550 1348 1645 1423 fideli
1665 1372 1730 1424 suo
1752 1354 1899 1446 gratiam
1915 1377 2015 1428 suam

606 1485 641 1550 et
662 1497 765 1550 omne
788 1475 933 1548 bonum.
962 1470 1144 1562 Querelam
1169 1473 1334 1572 prepositi
1359 1483 1394 1546 et
1416 1481 1608 1547 conventus
1634 1471 1680 1546 de
1704 1475 1904 1571 Speinsbart
1927 1476 2015 1552 iide-

606 1599 691 1672 lium
716 1607 909 1672 nostrorum
938 1599 1139 1695 recepimus.
1158 1599 1389 1672 continentem
1416 1596 1513 1693 quod
1541 1597 1720 1670 lantcravii
1744 1597 1790 1672 de
1811 1600 2015 1695 Waltelrle,

607 1721 652 1796 de
670 1719 908 1796 Luilrenbercb
922 1731 956 1794 et
977 1723 1147 1795 Henricns
1164 1721 1209 1795 de
1230 1721 1414 1812 Tumdori,
1432 1721 1611 1794 occasione
1627 1720 1808 1795 advocatie
1824 1746 1931 1820 quam
1947 1725 2017 1800 ba·

606 1845 690 1919 bere
709 1865 747 1917 se
764 1853 922 1917 asserum
946 1845 983 1916 in
1006 1845 1215 1940 quibusdam
1235 1844 1327 1918 viliis
1350 1843 1462 1940 ipsius
1478 1845 1639 1936 ecclesie,
1656 1843 1820 1920 videlicet
1838 1846 2013 1940 Wolawe,

606 1965 861 2061 Curbansdori,
888 1969 1043 2060 Prissen,
1070 1967 1302 2060 Curbenseze,
1328 1967 1545 2056 Mulrcnrott,
1574 1965 1748 2041 Aldinrint
1771 1978 1807 2043 et
1831 1971 2011 2066 Tunpacb,

607 2112 688 2164 cum
706 2091 837 2164 nullam
863 2090 912 2163 ibi
929 2090 1148 2164 advocatiam
1164 2090 1332 2185 habeant,
1353 2091 1447 2186 ipsos
1463 2091 1675 2188 prepositum
1692 2101 1729 2166 et
1749 2103 1962 2167 conventum
1978 2095 2017 2167 in

608 2213 740 2288 eisdem
761 2213 853 2287 villis
876 2225 1070 2308 aggravant
1085 2225 1120 2289 et
1136 2213 1383 2312 dapmniiicare
1407 2235 1479 2288 non
1495 2224 1642 2303 cessant,
1666 2235 1804 2290 omnem
1822 2217 1873 2291 eis
1892 2219 2017 2292 moles-

608 2337 692 2410 tiam
718 2345 752 2410 et
773 2337 942 2429 jacturam
971 2338 1111 2412 assidue
1142 2338 1332 2412 inserendo.
1361 2337 1448 2411 Cum
1477 2337 1582 2432 igitur
1603 2339 1827 2414 ecclesiarum
1848 2343 1928 2436 jura
1954 2316 2026 2417 ue·¹

605 2458 710 2532 limus
727 2459 822 2534 illesa
843 2461 994 2554 servari,
1018 2461 1171 2536 fidelitati
1191 2471 1252 2536 tue
1269 2461 1411 2535 firmiter
1433 2461 1654 2558 precipiendo
1674 2464 1902 2557 mandamus,
1925 2489 2014 2562 qua·

607 2583 701 2657 tinus
721 2583 884 2680 inquisita
905 2585 951 2660 de
977 2585 1045 2660 hiis
1068 2587 1268 2678 diligentius
1295 2587 1457 2679 veritate,
1487 2586 1518 2659 si
1546 2586 1609 2658 tibi
1635 2589 1824 2661 constiterit
1850 2589 1899 2663 ita
1923 2611 2016 2682 esse,

611 2707 785 2803 predictos
822 2710 1015 2784 lancravios
1049 2723 1084 2785 et
1113 2711 1298 2784 Henricum
1330 2711 1442 2783 taliter
1474 2709 1520 2784 ab
1556 2710 1757 2785 eorumdem
1793 2714 1956 2810 prepositi
1984 2723 2022 2788 et

609 2840 802 2906 conventus
826 2831 981 2907 indebita
997 2835 1231 2908 molestatione
1248 2853 1458 2928 compescas,
1477 2841 1512 2904 et
1528 2853 1633 2927 cogas
1655 2842 1757 2929 prout
1767 2835 1900 2928 justum
1917 2835 2021 2910 inerit

608 2965 648 3028 ut
665 2953 779 3028 ablata
796 2957 990 3046 restituant,
1010 2967 1050 3029 nt
1066 2978 1171 3054 super
1190 2957 1257 3028 biis
1276 2956 1401 3029 iterum
1419 2955 1548 3029 nullam
1566 2957 1818 3052 querimoniam
1835 2959 2021 3033 audiamus

610 3087 645 3151 et
661 3086 722 3151 tua
740 3077 885 3174 proinde
903 3079 1042 3154 devotio
1059 3079 1331 3154 commendetur.

659 3202 785 3275 Datum
800 3201 972 3296 Auguste,
990 3203 1085 3278 XXV
1099 3203 1262 3295 octobris,
1282 3199 1480 3276 indictionis
1492 3204 1608 3278 vt111·.

453 3868 479 3900 ω
519 3813 561 3856 20.
666 3767 905 3876 Fridericus,
941 3767 1202 3896 Romanorum
1243 3765 1465 3874 imperatur,
1497 3763 1696 3889 emlesiam
1729 3766 1770 3846 in
1805 3765 2024 3875 llitzingen,

615 3925 704 3982 cum
731 3899 903 4010 personis
935 3911 972 3982 et
993 3897 1297 4008 possessionibus
1322 3896 1527 4004 omnibus,
1546 3896 1585 3978 in
1618 3897 1771 4006 speciali
1795 3898 2026 4008 protectione

618 4056 688 4114 sua
704 4039 743 4114 et
758 4030 907 4140 imperii
924 4029 1068 4138 recipit.

699 4247 791 4326 (atta
807 4249 838 4308 ln
852 4245 963 4320 Iron,
980 4242 1080 4308 Gari.
1095 4239 1337 4319 mutatura,
1351 4250 1376 4306 t.
1390 4243 1447 4317 111,
1460 4259 1493 4321 p.
1516 4251 1585 4316 tati,
1605 4259 1691 4306 num.
1706 4252 1761 4317 853
1780 4248 1812 4306 at
1826 4259 1878 4321 ap.
1892 4242 2024 4305 dioran.

738 4353 817 4414 aaa.
825 4395 835 4427 ,
850 4359 875 4414 t.
890 4351 988 4431 XXX,
1002 4369 1035 4430 p.
1052 4361 1123 4430 ata,
1140 4367 1223 4412 num.
1238 4347 1487 4423 uccxxxth,
1505 4365 1543 4410 ax
1555 4349 1692 4426 originali
1704 4347 1783 4410 unde
1800 4349 1931 4430 sigillam
1943 4365 2027 4411 non-

735 4459 811 4522 nlbll
823 4458 936 4520 laeuum
952 4455 1148 4536 appeudstax
1166 4453 1225 4516 iilis
1237 4455 1338 4516 scricis
1349 4454 1421 4516 dari
1434 4460 1464 4516 et
1476 4453 1559 4515 rubri
1570 4452 1700 4534 colons.)

665 4643 900 4746 Frlidericns],
919 4644 983 4717 Dei
998 4643 1109 4739 gratia
1122 4643 1354 4715 Romanorum
1370 4641 1556 4736 imperator
1571 4659 1706 4736 semper
1727 4647 1909 4733 augustus,
1926 4639 2027 4712 Jeru-

617 4771 723 4846 salem
742 4780 776 4844 et
791 4771 905 4844 Sicilie
922 4791 999 4844 rex.
1019 4769 1227 4862 Religiosam
1243 4767 1353 4841 vitam
1370 4765 1579 4840 habentibus
1594 4764 1769 4861 imperiale
1785 4763 1890 4838 debet
1906 4763 2030 4837 adesse

617 4893 808 4992 presidium
830 4915 875 4968 ne
893 4894 1048 4988 cujusvis
1065 4891 1268 4967 temeritatis
1285 4891 1445 4964 incursus
1466 4898 1528 4962 aut
1548 4909 1610 4964 eos
1629 4909 1651 4963 a
1672 4887 1766 4963 bono
1781 4884 1956 4985 proposito
1973 4907 2030 4960 ra·
