4859 6359
634 802 695 863 910
1132 796 1346 859 cernentur
1371 796 1545 859 SECUNDI
1856 799 1936 877 [Aru.
1954 800 2040 865 1236.

633 932 867 1009 munificentia
893 931 1052 1026 religiosa
1083 932 1284 1023 contulerit,
1316 932 1399 1006 satis
1433 940 1573 1029 possent
1606 932 1813 1005 utilitatibus
1847 936 1972 1009 nostris
2004 937 2040 1008 in

634 1060 760 1133 talibus
776 1058 909 1151 absquo
921 1055 1010 1148 juris
1023 1056 1155 1128 offensu
1171 1065 1208 1129 ot
1225 1065 1354 1129 remoto
1375 1055 1511 1129 subtilis
1528 1054 1735 1129 conscientie
1755 1059 1931 1151 scrupulo,
1949 1080 2042 1132 oom-

633 1184 786 1277 plecere;
815 1178 1076 1275 propterquod
1098 1180 1201 1252 etiam
1232 1180 1388 1273 querelas
1419 1180 1554 1251 illorum
1581 1178 1816 1253 cisterciensis
1837 1179 1969 1254 ordinis
1988 1180 2041 1277 (l)

634 1304 882 1400 ingratissimas
904 1312 1122 1397 reputamus,
1142 1303 1368 1397 quibuscum
1387 1324 1450 1376 uos
1472 1302 1637 1399 precipue
1653 1312 1732 1398 post
1746 1302 1937 1377 adveutum
1955 1326 2044 1378 uos—

633 1444 723 1503 trum
743 1431 778 1501 in
798 1448 943 1522 regnum
968 1426 1004 1497 in
1026 1426 1216 1521 privilegiis
1244 1436 1279 1499 et
1302 1426 1577 1501 immunitatibus
1597 1428 1801 1503 eommdem
1826 1430 2043 1525 extiterimus

632 1553 786 1647 gratiosi,
805 1572 870 1623 noo
888 1550 1093 1642 injuriosum
1111 1550 1154 1623 iis
1176 1551 1249 1624 lore
1268 1550 1479 1625 credidimus
1494 1574 1559 1625 nec
1578 1552 1761 1625 molestum
1781 1553 1973 1649 siquando
1996 1554 2044 1628 ad

633 1700 752 1776 preces
769 1684 902 1749 nostros
923 1675 959 1745 iu
976 1674 1290 1748 constructionibus
1314 1674 1498 1749 domorum
1524 1687 1717 1749 nostrarum
1741 1698 1780 1749 se
1804 1676 1906 1750 nobis
1925 1678 2043 1751 notes

631 1802 800 1876 exhibent
819 1810 855 1872 et
882 1798 1045 1889 devotos,
1071 1798 1250 1892 presertim
1276 1820 1354 1871 cum
1375 1800 1478 1872 nullis
1503 1799 1643 1872 omnino
1661 1800 1793 1873 clericis
1818 1808 1880 1873 aut
1905 1802 2043 1896 prelatis

630 1926 693 2023 qui
717 1935 831 1997 umen
851 1946 876 1995 e
894 1921 995 1994 uobis
1016 1921 1121 1994 leudo
1149 1943 1219 1995 nou
1248 1932 1383 2015 tenent,
1412 1944 1502 1996 onus
1529 1922 1730 2015 hujusmodl
1757 1923 1825 1996 nisi
1850 1926 2042 2019 precarium

632 2052 863 2144 imponamus.
884 2048 935 2118 De
949 2045 1189 2140 personatibus
1205 2068 1291 2121 sane
1307 2068 1369 2142 per
1386 2068 1449 2120 nos
1462 2047 1605 2138 collatis,
1626 2056 1665 2119 ut
1679 2046 1842 2138 scribitis,
1853 2048 2042 2140 juvenibus

631 2185 667 2247 et
683 2171 852 2264 indiguis,
873 2170 957 2242 satis
977 2179 1067 2241 esset
1087 2169 1124 2240 iu
1149 2178 1310 2265 promptu
1339 2170 1536 2267 responsio,
1560 2170 1646 2243 dum
1664 2170 1693 2243 si
1715 2192 1830 2244 sacros
1847 2181 1962 2266 posset
1980 2176 2053 2245 err-¹

632 2295 763 2389 crilegii
778 2302 861 2366 uota
877 2292 1098 2387 perfundere,
1119 2292 1164 2365 de
1179 2290 1415 2367 munificentie
1433 2302 1547 2369 nostre
1561 2294 1690 2368 meritis
1713 2294 1929 2390 disputantes
1945 2316 2042 2369 sacra

628 2424 708 2513 jura
727 2417 912 2510 sacrilegos
933 2424 1151 2510 reputarent,
1177 2416 1340 2491 videlicet
1361 2439 1406 2491 an
1431 2418 1529 2512 digni
1553 2418 1671 2490 sintii
1695 2438 1784 2512 quos
1805 2418 1902 2513 eligit
1925 2419 2042 2515 impe-

631 2551 723 2616 rator
735 2537 802 2637 (2);
819 2540 886 2611 nisi
903 2540 1037 2630 ioman,
1058 2538 1154 2633 qnod
1173 2538 1315 2614 credere
1331 2562 1401 2614 non
1419 2540 1605 2632 debemus,
1632 2540 1708 2614 illos
1725 2552 1905 2636 propterea
1930 2564 2041 2637 repu-

631 2666 709 2737 tetis
727 2664 890 2757 indiguos
907 2684 997 2756 quos
1012 2662 1114 2734 nobis
1136 2664 1292 2757 ipsorum
1307 2664 1571 2759 obsequentium
1591 2663 1678 2737 fides
1691 2673 1806 2757 gratos
1826 2664 1986 2737 exhibuit
2007 2678 2042 2739 et
2066 2700 2075 2723 a

629 2809 783 2861 suorum.
804 2788 862 2858 Sic
883 2789 1048 2881 episcopo
1066 2788 1251 2859 Gerecensi
1270 2788 1419 2882 quinon
1442 2789 1621 2861 camerarii
1637 2788 1789 2876 scutifer,
1811 2787 1873 2861 sed
1889 2790 2042 2862 noterius

632 2932 768 2985 camere
796 2920 912 2984 nostre
930 2910 1012 3001 luit,
1042 2932 1145 3004 qoem
1170 2920 1339 3007 aspectus,
1355 2912 1528 3007 corporis,
1560 2914 1655 2984 nullo
1680 2913 1822 3007 probato
1850 2916 2038 3003 contrario,

913 3134 1467 3143 —m———m--n—
1471 3134 1769 3145 ---·--.-.-...-.-.
1774 3135 1913 3147 ...n-n...
1918 3137 2036 3149 Ἣ

669 3273 705 3346 [tl
724 3271 766 3329 hd
788 3271 816 3328 id
834 3270 901 3329 sutis
923 3277 986 3343 apte
1006 3270 1140 3344 pertinere
1156 3269 1264 3328 videtur
1278 3268 1389 3344 epistola
1405 3271 1506 3329 sutoris
1525 3272 1651 3346 anonymi
1673 3286 1755 3344 quam
1775 3270 1889 3344 legimus
1909 3272 1937 3329 in
1951 3273 2042 3331 codiee

632 3368 759 3426 biblioth.
771 3368 867 3439 Paris,
883 3384 943 3423 nnc.
961 3365 1041 3439 [onds
1059 3367 1139 3436 latin,
1154 3376 1186 3423 u⁰
1197 3368 1279 3437 thol,
1295 3365 1342 3424 iol.
1355 3371 1390 3424 59
1406 3373 1489 3437 recto,
1504 3384 1566 3425 cnm
1578 3368 1630 3425 boc
1644 3368 1719 3425 titulo
1734 3385 1742 3423 ι
1759 3388 1773 3423 ι
1788 3368 1874 3443 Roget
1885 3370 2000 3427 amicum
2012 3378 2043 3427 ut

632 3466 741 3523 inducat
752 3464 898 3539 principem
911 3463 983 3536 quod
993 3462 1129 3536 religiosos
1139 3468 1167 3520 et
1176 3460 1367 3521 cistercienses
1378 3464 1503 3536 precipue
1516 3480 1569 3521 non
1581 3464 1731 3537 perturbet.
1744 3482 1757 3517 ι
1772 3464 1855 3537 Cujus
1870 3465 1949 3521 etiam
1965 3472 2042 3523 tenor

631 3569 694 3619 est:
710 3582 723 3615 ι
737 3562 842 3619 Scimus
858 3560 929 3633 quod
946 3560 1013 3617 estis
1028 3559 1132 3617 Cesarn
1149 3558 1294 3618 debitores.
1311 3560 1410 3618 Solvite
1426 3560 1546 3618 debitum
1563 3560 1649 3617 saltim
1664 3560 1752 3617 saltim
1769 3560 1935 3635 (saltatorii)
1949 3562 1976 3618 iu
1990 3562 2042 3621 boo

635 3678 649 3713 s
665 3667 696 3715 ut
707 3657 861 3733 temporetis
872 3656 1003 3730 quosdam
1014 3656 1152 3715 ministros
1163 3657 1192 3714 in
1203 3657 1257 3715 biis
1268 3672 1321 3731 quc
1332 3664 1425 3715 contra
1437 3659 1521 3715 Deum
1535 3658 1702 3717 othonorum
1714 3658 1884 3733 imperatoris
1899 3664 2039 3717 attentent

635 3780 648 3808 s
665 3756 741 3826 Quod
754 3755 778 3813 si
796 3754 863 3812 lorte
876 3754 936 3812 illos
953 3760 1030 3827 urget
1045 3754 1186 3828 imperium
1202 3754 1238 3811 ed
1253 3770 1408 3825 excessum,
1427 3756 1497 3831 apud
1519 3756 1667 3831 principem
1685 3756 1924 3831 supplicationibus
1943 3757 2041 3816 irrere-

634 3874 648 3907 ι
665 3859 755 3910 rentes
767 3852 871 3909 instetis
882 3856 912 3907 ut
923 3851 1081 3908 relonnetur
1095 3850 1199 3907 redono
1210 3850 1377 3908 mandatum.
1391 3851 1461 3909 Ecce
1474 3851 1576 3911 clamor
1586 3852 1704 3911 aseendit
1717 3853 1788 3927 quod
1802 3858 1865 3926 post
1877 3853 2042 3927 Templarics

633 3956 691 4006 »st
705 3948 911 4022 hospitalarios,
931 3954 995 4021 post
1011 3948 1157 4005 &sinouse
1174 3952 1203 4005 et
1216 3948 1332 4020 quedam
1350 3948 1403 4005 slis
1418 3948 1580 4006 monasteris
1599 3948 1720 4007 molestia
1737 3948 1947 4024 [cistercienses]
1964 3966 2041 4007 oom-

633 4068 647 4101 ι
663 4046 803 4121 prehendit
815 4052 846 4101 ut
857 4046 897 4103 sic
908 4045 935 4101 in
952 4060 1033 4118 regno
1044 4044 1117 4101 nulls
1130 4049 1269 4102 remaneat
1280 4044 1379 4101 intacta
1393 4044 1498 4117 religio,
1516 4044 1635 4118 exceptis
1645 4044 1774 4103 iratribus
1786 4044 1999 4103 Predioatoribus
2014 4052 2042 4101 ct

632 4144 808 4202 »llinoribus
825 4144 854 4201 in
871 4142 970 4217 quibus
990 4158 1087 4201 manus
1099 4140 1266 4216 inquisitoris
1277 4142 1461 4217 possessioms
1479 4158 1534 4201 non
1548 4142 1649 4201 invenit
1666 4142 1738 4199 unde
1760 4142 1860 4199 nubet.
1880 4143 1962 4200 Porro
1978 4158 2041 4199 cunr

630 4241 841 4299 seisumiensts
860 4241 929 4298 iuter
944 4240 1010 4297 alins
1030 4239 1171 4313 religiones
1189 4239 1335 4314 prefulgeat
1351 4240 1378 4296 in
1393 4247 1537 4315 conspectu
1552 4240 1636 4297 eterni
1649 4240 1751 4311 Patris,
1767 4238 1908 4313 gloriosius
1921 4254 1982 4297 esse
1993 4239 2041 4295 de-

631 4360 644 4390 »
660 4339 737 4395 beret
749 4338 777 4393 in
792 4338 876 4396 oculis
888 4336 988 4395 domini
1005 4337 1158 4410 temporalis
1175 4342 1295 4411 accepta.
1308 4338 1409 4395 lnstotc
1431 4352 1494 4411 ergo
1511 4344 1643 4411 oportune
1658 4343 1686 4394 et
1698 4337 1850 4413 importuno
1868 4342 1899 4393 ut
1917 4336 1945 4393 in
1958 4352 2040 4409 regno

630 4454 645 4487 s
660 4435 732 4492 dicta
745 4435 837 4506 religio
850 4450 905 4492 non
915 4434 1051 4505 turbetur;
1063 4434 1213 4491 detrahitur
1223 4435 1295 4491 enim
1305 4434 1611 4505 Cesari‚conlunduntur
1620 4436 1743 4506 emiri,et
1752 4436 1774 4493 si
1784 4436 1830 4509 qui
1838 4434 1937 4491 luerint
1948 4436 2039 4503 emuli,

630 4538 785 4607 »poterunt
797 4533 927 4589 exultare.
943 4533 999 4589 llec
1011 4538 1100 4588 autem
1117 4546 1171 4602 ane
1187 4531 1329 4589 scribimus
1344 4532 1378 4589 de
1395 4532 1476 4589 corde
1493 4548 1561 4605 puro
1579 4538 1607 4589 et
1626 4531 1678 4590 lide
1696 4546 1751 4589 non
1765 4532 1827 4588 licta
1839 4530 1996 4605 procedunt,
2012 4538 2039 4587 et

629 4649 644 4682 s
659 4630 767 4703 quidem
781 4630 833 4687 uisi
846 4629 959 4685 multum
972 4628 1009 4684 illi
1021 4644 1075 4686 non
1086 4628 1240 4702 displiceat,
1254 4644 1307 4686 non
1320 4628 1483 4685 intendimus
1493 4630 1519 4685 in
1533 4629 1630 4687 talibus
1644 4630 1775 4687 desistere
1788 4644 1805 4685 a
1818 4628 1969 4699 scribendo,
1981 4643 2039 4683 ma·

630 4746 644 4780 s
660 4727 745 4784 lentes
758 4725 793 4781 ad
805 4740 867 4782 eum
882 4724 997 4782 clamare
1010 4726 1038 4781 in
1048 4726 1115 4782 tecle
1127 4742 1210 4799 quam
1222 4732 1316 4783 contra
1329 4742 1390 4783 curn
1404 4742 1572 4783 murmurare
1584 4732 1646 4800 post
1657 4732 1772 4800 tergum.
1786 4747 1800 4776 ι

665 4823 701 4896 (t)
720 4822 761 4880 cl.
775 4838 867 4895 snprn,
879 4838 909 4896 p.
923 4826 950 4894 9,
962 4823 1033 4897 regis
1044 4823 1149 4896 lingerii
1162 4823 1247 4896 legem
1260 4838 1341 4897 quam
1356 4823 1425 4881 inter
1435 4824 1636 4881 constitutiones
1650 4824 1724 4897 regni
1741 4822 1887 4879 Fridericus
1900 4822 1958 4895 ipse
1968 4821 2036 4877 insc-

629 4920 692 4989 ruit,
705 4919 751 4977 lib.
766 4920 788 4991 l,
802 4920 870 4977 titul.
884 4922 928 4980 tv.
