4859 6359
434 787 533 848 nuru.
549 785 595 863 ἰ]
883 783 1080 848 HISTORIA
1103 783 1399 850 nrruouerlce.
1502 849 1503 852 ,
1782 785 1843 848 685

432 942 496 994 nce
512 919 654 994 hahere.
676 918 801 994 Filium
816 918 917 994 ducis
933 921 1092 996 Bewmie
1105 941 1210 1016 quem
1220 920 1378 996 obsidem
1385 919 1572 994 habuimus
1585 940 1649 1016 pro
1660 920 1841 1016 ulnaeque

430 1044 566 1117 cautela
583 1041 744 1116 etlilium
761 1045 973 1120 marchionis
985 1045 1032 1120 de
1045 1045 1164 1120 Beden
1177 1067 1284 1142 quem
1298 1055 1422 1142 sponte
1437 1053 1473 1116 et
1485 1045 1575 1118 ultro
1588 1044 1688 1117 nobis
1701 1043 1838 1138 obtulit,

429 1168 536 1240 immo
553 1167 716 1242 devotius
728 1168 992 1263 supplicaritnt
1002 1192 1050 1244 ne
1062 1169 1215 1264 aliquem
1226 1167 1272 1244 de
1287 1169 1364 1265 ipso
1377 1167 1606 1244 diffidentiam
1617 1168 1837 1259 haberemus,

428 1312 510 1366 eum
530 1291 569 1362 in
596 1290 754 1364 obsidem
781 1292 937 1388 recipere
958 1293 1199 1388 dignoremur,
1227 1317 1290 1391 per
1319 1293 1408 1368 dnru
1427 1303 1588 1390 precepta
1609 1293 1716 1388 putris
1734 1291 1839 1366 nostri

428 1413 557 1508 quibus
572 1413 745 1488 contraire
761 1435 826 1488 nec
847 1418 1013 1490 volumus
1027 1439 1093 1490 nec
1105 1417 1293 1508 debemuS‚
1322 1438 1392 1490 nnn
1410 1416 1487 1490 eine
1501 1417 1655 1490 maxima
1670 1437 1839 1490 verecun-

431 1536 491 1610 dia
514 1537 696 1612 resn'tnere
718 1538 941 1630 ongebumur.
965 1541 1145 1614 Telonium
1165 1562 1308 1636 qnoque
1330 1541 1367 1612 in
1385 1539 1581 1614 Baccherah
1603 1539 1700 1635 qnod
1721 1540 1758 1612 in
1782 1561 1840 1614 so·

426 1660 556 1756 lempni
571 1662 669 1736 curie
681 1661 922 1754 Frenlrenfort,
943 1664 1097 1740 dictante
1108 1667 1278 1740 sententie
1289 1665 1506 1761 principum,
1527 1665 1713 1738 inhibitum
1726 1665 1839 1740 luerat

426 1783 509 1858 duci
524 1787 671 1860 Bararie
681 1797 718 1860 et
734 1787 864 1862 deinde
880 1788 976 1864 idem
991 1789 1069 1864 dux
1084 1812 1250 1887 expresse
1267 1791 1456 1884 abjuravit,
1478 1789 1737 1864 contrafactum
1755 1809 1836 1862 noe·

424 1919 517 1980 unm
531 1917 567 1982 et
580 1909 779 2006 principum
797 1911 960 2004 veniens,
980 1911 1642 2005 leodelijuredncicontulitmemorato.
1657 1911 1836 2006 Siquidem

424 2030 561 2104 nobiles
577 2043 613 2103 et
626 2041 823 2127 magnates,
848 2036 998 2108 vasallos
1013 2043 1049 2109 et
1065 2035 1307 2108 ministeriales
1325 2057 1387 2110 seu
1407 2035 1492 2108 elice
1510 2055 1747 2129 quoscumque
1764 2056 1836 2109 ve-

423 2153 556 2228 nientes
580 2155 628 2229 ad
652 2157 767 2252 ipsum
791 2167 827 2232 et
853 2156 1072 2234 detrahentes
1093 2159 1177 2233 hinc
1206 2158 1290 2233 inde
1319 2158 1436 2248 nobis,
1472 2159 1522 2232 eis
1548 2158 1707 2232 credulae
1733 2181 1835 2233 eures

422 2278 640 2370 adhibendo,
670 2280 773 2354 audit
789 2292 826 2355 et
848 2283 1012 2374 exaudit,
1040 2282 1129 2356 dens
1149 2282 1280 2357 litteras
1305 2291 1340 2356 et
1364 2281 1527 2356 mandatu
1549 2283 1761 2358 revocatorie
1789 2283 1835 2358 de

420 2403 521 2476 lactis
538 2405 664 2478 nostrie
680 2405 719 2478 in
734 2427 805 2480 non
819 2407 994 2480 medicem
1011 2417 1161 2483 nostram
1180 2429 1223 2483 ec
1240 2429 1338 2482 suem
1355 2415 1389 2480 et
1404 2407 1540 2503 imperii
1553 2407 1732 2482 lesionem.
1751 2409 1832 2484 Pre-

420 2525 523 2600 dictie
535 2529 653 2622 itaque
667 2528 840 2604 mandetis
851 2539 888 2603 et
900 2530 1070 2626 preceptis
1085 2528 1248 2605 dominns
1259 2540 1294 2606 ct
1310 2539 1407 2627 pater
1423 2542 1538 2604 noster
1553 2532 1722 2625 quaedem
1736 2553 1832 2605 com-

419 2651 624 2729 minationes
647 2654 784 2728 adddit
798 2655 1038 2746 inconsuetas,
1066 2652 1229 2730 videlicet
1248 2655 1279 2728 si
1306 2657 1342 2728 in
1361 2656 1479 2750 aliquo
1498 2677 1618 2730 eornm
1640 2679 1711 2752 qne
1732 2659 1832 2732 nobis

418 2775 612 2871 specialiter
626 2787 709 2852 tunc
719 2779 900 2854 mandavit
914 2780 1263 2854 inveniremmctiam
1276 2781 1314 2852 in
1331 2781 1475 2856 minimo
1493 2782 1720 2876 negligentes,
1735 2784 1832 2877 qucd

417 2901 558 2974 nuntios
574 2911 610 2974 et
627 2904 758 2977 litteras
774 2913 910 2980 nostres
927 2904 973 2980 de
985 2915 1100 2980 cetere
1117 2926 1189 2980 non
1205 2905 1374 3001 reciperet
1393 2907 1449 2978 vel
1465 2905 1613 2980 audiret.
1630 2907 1831 2980 Procurerit

417 3024 520 3096 etiem
536 3027 633 3122 epnd
657 3027 784 3102 Sedem
809 3028 1046 3125 Apostolicem
1067 3030 1163 3124 qnod
1175 3051 1237 3125 per
1258 3028 1430 3124 quosdam
1440 3027 1830 3126 Alemannieprincipes

381 3229 391 3242 ‚
417 3146 610 3224 denuntiati
633 3151 871 3227 debueramus
891 3153 1259 3230 excommunicationis
1280 3153 1420 3227 vinculo
1447 3152 1608 3228 innodari
1627 3151 1701 3250 (l);
1730 3155 1826 3249 quod

415 3281 509 3346 tento
524 3275 667 3367 gravius
677 3286 751 3350 eret
764 3278 866 3352 nobis
878 3288 1046 3372 qnantum
1059 3278 1284 3374 pemiciosiue
1294 3286 1346 3352 est
1359 3279 1519 3374 exemplo
1534 3289 1570 3352 et
1581 3288 1698 3352 contm
1711 3279 1826 3354 omnia

411 3396 490 3488 jure
510 3406 580 3470 tem
601 3401 831 3474 ecclesiastica
848 3423 954 3496 qnam
969 3402 1166 3494 mundane,
1190 3425 1272 3476 cum
1290 3402 1336 3476 de
1354 3403 1425 3475 ullu
1449 3403 1664 3476 contumacia
1679 3403 1734 3476 vel
1755 3401 1825 3476 de-

415 3518 496 3593 licto
513 3523 661 3596 convicti
679 3526 847 3600 fuerimus
858 3527 1091 3616 velconleeei,
1110 3527 1215 3599 immo
1227 3528 1330 3600 etiam
1344 3547 1410 3598 nec
1423 3526 1619 3599 commoniti
1636 3547 1700 3598 nec
1714 3527 1819 3600 citati.

414 3643 641 3722 Undemerito
654 3649 869 3723 credendum
887 3672 957 3723 non
975 3659 1068 3724 esset
1080 3651 1137 3723 vel
1155 3650 1259 3724 etiam
1277 3649 1546 3747 presumendum
1561 3671 1582 3721 a
1599 3649 1689 3722 Sede
1703 3648 1821 3746 Apos-

415 3771 530 3862 tolica,
547 3794 652 3867 aqna
665 3774 744 3865 jura
758 3773 897 3868 prodire
916 3773 1045 3847 debent
1058 3783 1094 3848 et
1111 3795 1180 3845 non
1194 3775 1338 3868 injurie,
1358 3776 1442 3846 tales
1460 3775 1590 3846 litterae
1607 3784 1643 3846 et
1660 3775 1821 3848 mandata

413 3903 531 3968 contra
546 3917 727 3990 personam
739 3906 888 3970 nostram
904 3895 949 3969 de
957 3907 1049 3972 certe
1056 3889 1195 3970 scientie
1209 3919 1399 3970 emanasse.
1411 3896 1469 3970 Ad
1480 3897 1694 3971 obviandum
1708 3899 1824 3994 itaque

412 3995 586 4091 salutifere
603 4019 658 4092 his
675 4021 775 4093 malis
790 4044 874 4117 sepe
894 4021 1012 4116 sepius
1030 4020 1222 4095 direximus
1239 4021 1432 4118 solempnes
1453 4022 1591 4094 nuntios
1609 4033 1759 4114 nostros,
1787 4036 1821 4096 et

412 4163 503 4215 nnnc
518 4145 822 4218 excellentissimos
845 4169 934 4241 quos
948 4147 1133 4238 habemus,
1165 4147 1328 4220 videlicet
1347 4147 1562 4220 venerabiles
1580 4147 1820 4239 Moguntinnm

413 4267 708 4366 archiepiscopum
725 4279 759 4343 et
772 4271 1058 4366 Bembergensem
1073 4271 1274 4369 episcopum
1291 4269 1357 4368 (2),
1373 4271 1515 4344 dilectos
1528 4269 1711 4343 familiares
1725 4272 1820 4365 prin·

443 4613 480 4688 (tl
500 4615 543 4674 cl.
554 4615 696 4690 epitolam
705 4631 794 4692 papae
804 4618 1006 4693 mchiepiscopo
1018 4617 1169 4676 Treuirunsi
1180 4617 1319 4688 direclem,
1329 4615 1381 4674 eub
1393 4615 1455 4673 dato
1465 4615 1549 4672 Ileats
1561 4618 1578 4672 5
1585 4614 1646 4688 julii
1656 4616 1737 4686 4236,
1746 4630 1817 4690 quae

410 4725 504 4786 snpra,
518 4729 547 4785 p.
567 4716 618 4770 l'lt
633 4720 661 4770 et
674 4730 751 4788 seqq.

442 4809 480 4881 (2)
498 4810 573 4879 Quos
590 4811 700 4884 quidem
713 4811 741 4868 in
754 4812 885 4887 imperiali
904 4813 979 4871 curie
998 4818 1133 4871 morantes
1152 4827 1245 4869 mense
1261 4809 1400 4868 novembri
1419 4808 1500 4883 hujus
1517 4808 1580 4866 anni
1600 4808 1759 4866 invenimus.
1775 4809 1813 4867 cl.

410 4919 487 4979 snpra
498 4921 528 4980 p.
540 4911 605 4979 5⁰2,
617 4910 681 4978 llll,
695 4913 758 4968 doe.
