4859 6359
465 748 567 809 lunser.
586 748 646 826 I0.]
918 747 1117 809 HISTORIA
1141 742 1435 807 olrLOMIITIGA.

519 1326 728 1435 Imperator
750 1352 839 1408 oum
866 1327 1185 1410 Cremonensibus
1208 1328 1403 1413 Mantuam
1431 1326 1503 1409 sibi
1525 1324 1702 1407 rebellem
1731 1324 1876 1407 invadit
1918 1330 2061 1439 ‚lgrggssffi

466 1468 503 1540 et
527 1484 791 1567 quaecumque
812 1468 918 1541 extra
940 1486 1072 1543 muros
1098 1470 1207 1543 erant
1233 1461 1415 1543 devastat.
1443 1458 1548 1540 Duos
1575 1458 1689 1539 etiam
1716 1484 1874 1541 suorum

466 1589 611 1699 burgos
651 1618 764 1699 super
799 1591 958 1674 fluvium
996 1593 1063 1701 qui
1096 1593 1235 1675 dieitur
1272 1593 1378 1701 Oyus
1416 1592 1507 1673 sitos
1542 1600 1713 1699 potenter
1748 1590 1872 1699 oapit3

467 1747 632 1831 quorum
650 1750 752 1805 unus
769 1724 976 1828 Macharia,
996 1724 1092 1807 alter
1108 1726 1213 1808 Mosa
1231 1725 1450 1808 nominatur
1468 1722 1543 1833 (1).
1563 1725 1720 1807 Gonrra.
1740 1725 1870 1806 Conon.

466 1881 528 1963 ap.
558 1856 754 1962 Boanum,
783 1866 932 1955 Fontes,
969 1868 998 1939 t.
1033 1859 1085 1962 ll,
1115 1885 1154 1966 p.
1190 1860 1282 1941 569.
1304 1906 1359 1919 --
1383 1859 1489 1939 Tuno
1516 1857 1750 1965 [imperator]
1778 1858 1875 1965 oepit

466 1988 712 2094 Meroariam,
732 2001 769 2071 et
795 1990 1054 2099 episoopatum
1072 1991 1248 2074 Mantuae
1275 2000 1312 2071 et
1338 1989 1486 2071 Brixiae
1503 2016 1573 2097 pro
1599 2014 1741 2099 magna
1768 2000 1875 2097 parte

466 2120 663 2202 destruxit.
690 2121 776 2202 Fuit
796 2148 913 2230 prope
935 2123 1123 2206 civitatem
1149 2123 1347 2228 Mantuae,
1380 2148 1451 2203 neo
1471 2120 1626 2203 luerunt
1656 2120 1739 2203 ausi
1757 2122 1873 2205 Man-

465 2253 573 2336 tuani
591 2253 692 2335 exire
710 2254 912 2337 civitatem.
940 2255 1103 2338 Gerardi
1119 2255 1276 2338 Mauris.
1299 2254 1385 2335 bist.
1411 2280 1473 2363 ap.
1494 2256 1697 2359 ldnmroru,
1714 2254 1873 2363 script,

466 2396 494 2466 t.
516 2385 617 2493 VIM,
638 2412 676 2493 p.
698 2390 764 2467 45.
784 2432 840 2447 -
858 2387 978 2496 Capto
995 2397 1120 2470 castro
1141 2387 1373 2470 Marchariae
1395 2396 1432 2468 et
1453 2396 1577 2469 castro
1598 2386 1725 2494 pontis
1748 2386 1875 2469 Sancti

466 2516 560 2627 Viti,
589 2520 824 2628 [imperator]
851 2521 999 2603 obsedit
1028 2521 1243 2627 Mantuam,
1276 2530 1314 2602 et
1336 2520 1495 2602 dimissa
1524 2520 1745 2625 obsidione,
1774 2520 1876 2602 venit

468 2652 708 2735 Cremonam.
730 2655 862 2734 dnnul.
879 2666 949 2734 oet.
970 2652 1100 2735 Mutia.
1120 2680 1181 2761 ap.
1202 2652 1584 2761 Munnron1,Soript.,
1604 2663 1633 2734 t.
1655 2653 1721 2759 XI,
1741 2679 1780 2761 p.
1802 2654 1867 2736 60.

725 2968 1651 2982 ——-—--—--——-.-—0-.0--—--.-----—-—---—-—-

519 3250 747 3354 Friderious,
767 3249 1029 3331 Romanorum
1050 3249 1270 3358 imperator,
1291 3252 1472 3361 Gregorio
1494 3282 1614 3365 papae
1640 3284 1753 3368 super
1778 3286 1872 3345 om·
1912 3278 2066 3376 ,sspgffi

470 3384 584 3468 nibus
602 3382 777 3492 capitulis
796 3381 867 3464 sibi
893 3380 1049 3491 objectis
1076 3384 1124 3465 de
1147 3384 1298 3465 damnis
1323 3414 1421 3495 qnae
1443 3389 1608 3471 eeclesiis
1631 3402 1667 3475 et
1688 3394 1872 3479 ecclesia-
1898 3384 2079 3494 ababa..

467 3543 555 3600 rum
581 3516 760 3627 praelatis
785 3515 941 3597 fuerunt
967 3513 1074 3596 illata
1106 3516 1271 3597 seriatim
1303 3522 1527 3631 respondet,
1548 3526 1678 3607 omnia
1708 3527 1873 3611 vicissim

467 3648 640 3757 diluens,
656 3648 902 3755 nuntiatque,
921 3671 1009 3728 anm
1036 3649 1261 3731 mandatum
1280 3677 1392 3735 suum
1421 3653 1469 3735 de
1495 3655 1599 3738 ouria
1617 3658 1761 3743 Melfiae
1783 3688 1874 3745 oon-

468 3783 662 3892 greganda
679 3806 791 3889 super
808 3780 870 3860 his
890 3778 1176 3889 gravaminibus
1193 3784 1427 3895 corrigendis
1444 3786 1560 3869 finem
1578 3816 1656 3873 non
1674 3792 1869 3905 babuerit,

468 3940 508 3995 se
525 3914 651 3996 denuo
669 3912 922 3994 familiaribus
941 3911 1020 3994 suis
1037 3912 1158 3994 vioem
1176 3941 1286 3997 suam
1303 3917 1343 3997 in
1370 3945 1489 4029 regno
1507 3924 1724 4031 gerentibus
1750 3954 1869 4011 man-

466 4046 577 4129 dasse
595 4057 638 4129 nt
655 4044 808 4157 singula
824 4043 1025 4154 diligenter
1041 4055 1079 4127 et
1095 4046 1206 4154 plene
1225 4050 1400 4135 studeant
1416 4054 1636 4163 adimplere.

546 4285 651 4367 (EdId.
676 4286 816 4362 Horam,
835 4284 940 4346 dassen
968 4283 1084 4347 suar.
1106 4288 1151 4361 11,
1170 4290 1303 4365 nocam„
1325 4308 1356 4369 p.
1384 4302 1458 4371 ano,
1478 4306 1512 4357 n⁰
1535 4305 1590 4377 26,
1617 4315 1655 4359 ex
1683 4300 1803 4379 angor.
1826 4306 1870 4367 lx

583 4400 701 4489 regest..
721 4410 793 4454 ann.
806 4394 851 4470 Χ,
866 4401 899 4453 n⁰
916 4402 987 4454 2⁵2.
1004 4424 1044 4439 -
1057 4394 1132 4457 Coll.
1147 4412 1215 4456 cum
1229 4396 1343 4459 nollent.
1357 4399 1483 4478 Laporta
1499 4403 1540 4464 du
1563 4403 1658 4480 Thail,
1681 4408 1713 4468 In
1727 4408 1867 4473 Blbliotb.

582 4499 687 4573 Immr.
701 4495 881 4573 Partslenst.)

1321 4704 1872 4731 Ἣ

503 4838 539 4912 (4)
557 4840 664 4901 sciton
673 4840 804 4899 IIarcaria
815 4856 898 4915 snper
907 4840 1012 4914 Ogbum
1025 4841 1125 4901 flumen
1136 4849 1165 4901 at
1176 4848 1293 4901 castrum
1304 4844 1380 4903 Moaii
1392 4844 1420 4901 in
1435 4846 1590 4923 eplacopatu
1600 4850 1734 4911 brisiam.

563 4940 616 5002 IV.
638 4958 693 5002 rm
705 4958 726 5000 a
1656 4960 1711 5013 114
