4859 6359
616 747 677 811 620
1138 750 1311 815 lassaret
1334 752 1499 815 SEPless
1835 752 1921 830 [Ars.
1938 752 2024 815 1233.

618 878 686 989 qui
703 886 858 989 propter
876 889 1040 963 mortem
1057 882 1176 990 patris
1195 885 1255 967 sui
1276 910 1354 969 non
1371 885 1470 969 bene
1494 881 1678 967 sentiebat
1701 908 1792 967 cum
1812 908 1916 995 rege.
1941 884 2029 967 Dux

619 1020 749 1095 autem
785 1037 863 1095 non
898 1013 1029 1097 valens
1065 1016 1252 1102 sustinere
1281 1029 1429 1104 tantam
1459 1017 1743 1102 multitudinem
1772 1028 1812 1103 et
1842 1018 2028 1127 impetum

620 1144 723 1255 regis
749 1154 787 1227 55
819 1171 1002 1254 suorum,
1039 1150 1139 1233 datis
1165 1151 1364 1237 obsidibus
1394 1153 1498 1237 uenit
1532 1154 1582 1235 ed
1616 1152 1849 1237 deditionem
1879 1149 2030 1233 etfacit

619 1300 768 1385 pacem.
793 1281 926 1359 donat.
951 1280 1139 1386 Arpentiu.
1170 1310 1233 1391 ap.
1259 1285 1452 1388 bonanus,
1478 1285 1634 1383 Ibidem,
1656 1294 1686 1366 t.
1707 1284 1841 1393 111‚p.
1866 1282 1956 1365 107.
1975 1328 2032 1344 -

621 1408 755 1494 Postea
773 1436 841 1491 rex
857 1410 1054 1494 Heinrious
1071 1414 1310 1523 imperatoris
1329 1418 1431 1500 filius
1449 1442 1539 1499 oum
1556 1416 1722 1499 exercitu
1739 1441 1882 1525 magno
1899 1422 2031 1497 555555

623 1544 760 1626 ducem
787 1541 980 1627 bawariae
1006 1547 1184 1655 perrexit,
1214 1550 1413 1659 coegitque
1429 1575 1518 1631 eum
1546 1549 1650 1658 quod
1681 1574 1722 1629 55
1747 1546 1923 1657 potestati
1941 1570 2032 1628 suae

623 1676 792 1759 tradidit.
818 1676 961 1757 Histor.
988 1676 1121 1787 imper.
1149 1706 1212 1789 ap.
1238 1682 1432 1788 Mensura,
1453 1682 1619 1791 Script,
1642 1690 1673 1763 t.
1699 1680 1768 1786 ΠΙ,
1793 1706 1833 1789 p.
1857 1681 1947 1762 126.
1970 1676 2029 1760 ef.

624 1808 744 1919 Epist.
765 1816 880 1891 Henr.
903 1810 1003 1918 repis
1024 1816 1075 1891 cd
1097 1812 1260 1923 episcop.
1281 1815 1472 1923 discesti„
1492 1841 1591 1924 quae
1609 1814 1728 1921 infra,
1748 1816 1774 1893 2
1794 1822 1890 1921 sept.
1913 1812 2028 1892 1254.

865 2134 1688 2148 ffl-——u—n——o—-n
1694 2137 1728 2144 -α
1733 2137 1784 2145 ς...
1789 2136 1808 2144 ο-

678 2422 880 2529 Henricus‚
894 2422 1154 2505 Romanorum
1167 2447 1250 2528 rex,
1259 2418 1452 2533 Rudigero
1463 2422 1676 2507 Pataviensi
1690 2424 1866 2533 episcopo
1878 2427 2036 2508 mandat

626 2566 670 2638 ut
683 2554 988 2667 jurisdictionem
1011 2554 1051 2635 in
1083 2555 1253 2636 cometiis
1279 2554 1400 2664 ipsius
1427 2566 1465 2638 et
1491 2556 1669 2639 ecclesiae
1695 2556 1778 2666 ejus
1804 2566 1974 2641 exerceat
1999 2566 2037 2639 et

626 2689 824 2772 exercendi
850 2686 1070 2769 facultatem
1100 2686 1259 2794 habeat,
1284 2688 1624 2772 nonobstantibus
1649 2690 1784 2773 litteris
1810 2717 1910 2800 quae
1940 2716 2037 2800 sup-

626 2846 758 2931 presso
776 2845 911 2903 aarum
932 2829 1060 2903 tenore
1078 2844 1102 2901 a
1119 2844 1209 2928 rege
1226 2818 1368 2902 fuerint
1384 2820 1619 2930 impetratae.

712 3038 808 3119 (Edit.
824 3055 874 3117 ap.
888 3038 1019 3099 Monam.
1035 3038 1128 3111 Boio„
1142 3044 1167 3100 t.
1185 3038 1300 3115 XXXI,
1314 3056 1383 3119 pars
1399 3047 1439 3115 1¹,
1453 3057 1482 3117 p.
1503 3048 1575 3113 555,
1589 3054 1606 3100 5
1618 3039 1685 3101 cod.
1700 3039 1840 3114 Passer„
1856 3040 1918 3116 111,
1933 3048 1984 3103 55.
1998 3073 2039 3087 -

748 3147 923 3208 Ε555555555
936 3152 1035 3207 autem
1048 3145 1086 3207 ab
1098 3148 1250 3209 Aventino
1262 3146 1293 3206 tu
1307 3146 1464 3227 Exceptis
1476 3146 1609 3222 Pasias„
1624 3163 1671 3225 ap.
1684 3148 1814 3223 055555,
1828 3148 1856 3221 Ι,
1872 3156 1889 3207 r
1894 3155 1942 3222 55,
1956 3150 1999 3220 a.)

680 3331 880 3421 Heinricus,
911 3330 975 3403 Dei
1002 3331 1111 3423 gratia
1133 3333 1365 3405 Romanorum
1392 3355 1454 3407 rex
1483 3344 1519 3407 55
1544 3355 1679 3429 semper
1700 3343 1889 3429 augustus,
1916 3333 2041 3406 dilecto

633 3454 781 3551 principi
803 3475 868 3527 suo
896 3454 937 3525 R.
969 3454 1157 3527 venerabili
1186 3456 1349 3551 episcopo
1377 3458 1571 3531 Pataviensi
1596 3457 1743 3551 gratiam
1766 3478 1867 3529 suam
1888 3469 1923 3527 55
1940 3478 2043 3529 omna

634 3580 780 3651 bonurn.
801 3578 906 3649 Iustis
930 3578 1118 3673 petentium
1139 3578 1322 3652 desideriis
1341 3589 1409 3653 tum
1437 3582 1539 3674 vigor
1560 3582 1720 3675 equitatis
1742 3604 1806 3654 nos
1825 3580 1960 3652 inducit
1974 3602 2042 3651 55-

637 3722 745 3774 nuere
763 3722 869 3795 quam
892 3698 979 3773 ordo
1004 3700 1114 3794 exigit
1135 3702 1287 3774 rationis.
1305 3702 1494 3800 Eapropter
1520 3706 1673 3799 petitioni
1701 3714 1759 3777 tue
1779 3714 1876 3798 grato
1900 3726 2043 3776 concur·

638 3834 751 3897 rentes
770 3846 929 3917 assensu,
948 3824 1155 3898 mandamus
1172 3826 1235 3897 tibi
1252 3848 1314 3921 per
1332 3827 1476 3920 gratiam
1494 3836 1645 3900 nostram
1663 3826 1805 3899 tirmiter
1816 3827 2043 3922 precipientes

640 3944 706 4045 [ut]
715 3946 990 4039 jurisdictionem
1007 3956 1100 4020 tuam
1114 3949 1150 4019 in
1162 3949 1324 4021 comeciis
1336 3952 1406 4022 tuis
1421 3960 1455 4024 et
1467 3950 1611 4024 ecclesie
1621 3961 1692 4042 tue,
1705 3950 1862 4023 faciendo
1871 3949 2043 4042 judicium

640 4080 675 4145 et
677 4070 846 4165 justitiam
861 4092 883 4143 5
897 4081 930 4143 te
943 4072 1206 4165 requirentibus,
1223 4084 1430 4148 exerceaset
1445 4074 1632 4149 exercendi
1645 4074 1926 4148 habeasliberam
1936 4072 2043 4145 tacul-

642 4204 765 4285 tatem,
782 4194 1084 4269 nonobstantibus
1098 4196 1218 4269 litteris
1233 4219 1304 4292 que
1322 4221 1506 4296 suppresso
1518 4200 1642 4274 barum
1655 4208 1812 4272 tenorea
1836 4206 1954 4271 nostra
1971 4219 2046 4269 ma·

637 4320 1100 4415 jestatesuerintimpotrate.

692 4446 817 4519 Datum
844 4465 935 4517 auno
961 4444 1132 4519 dominice
1164 4446 1407 4523 incarnationis
1434 4448 1678 4538 MCGXXXIII,
1707 4447 1746 4518 in
1782 4444 1903 4518 castris
1931 4442 2048 4517 batis-

647 4591 736 4667 poue
753 4568 824 4666 (t),
844 4568 1003 4643 kalendis
1017 4571 1238 4666 septenbris,
1255 4573 1441 4647 indictione
1456 4574 1514 4647 vl.
1938 4560 1942 4567 ’

1938 4758 2048 4772 -ο--αοθ

683 4877 721 4953 p)
740 4875 886 4936 existere
897 4878 1032 4939 55555
1043 4881 1244 4955 monitiones
1251 4882 1371 4958 episcopi
1383 4880 1564 4942 vasconis
1574 4834 1831 4957 5555555555
1844 4890 1925 4952 super
1936 4874 2052 4932 55555
