4859 6359
660 670 722 733 594
1119 717 1136 750 ‚·
1183 676 1357 739 iiENlllCl
1379 676 1547 739 SEPTibss
1879 677 1961 757 [dun.
1979 676 2070 742 1232.

743 804 914 885 (Memorat.
925 823 975 884 ep.
989 806 1200 871 Vermedeterr
1211 810 1349 875 Dmtell.
1359 810 1601 889 &remoratae
1616 808 1699 885 seire
1711 806 1847 893 nepot,
1857 827 1891 889 p.
1901 815 2026 886 cenot.
2036 819 2066 872 t.

781 912 901 974 Adsunt
912 914 944 975 in
958 912 1260 999 massacellam.
1275 918 1336 981 duc
1347 919 1439 999 buius
1451 919 1586 981 mandati
1595 918 1788 995 exemplaria,
1801 916 1891 979 ambo
1902 917 2069 995 orlglbbilbs

780 1035 875 1080 uuum
891 1036 980 1097 penes
1000 1021 1152 1096 abbatem,
1166 1024 1292 1085 alterum
1309 1042 1401 1103 penes
1419 1025 1602 1087 defensorem
1621 1026 1792 1086 monesterll
1808 1024 2004 1085 verlslmllltar
2021 1039 2069 1084 re·

782 1142 930 1187 mensura.
949 1127 1027 1189 Huic
1040 1130 1135 1205 primo
1147 1129 1254 1192 desunt
1260 1138 1348 1193 nome
1363 1132 1603 1212 chronologiae,
1618 1148 1696 1210 qnae
1713 1130 1852 1209 leguntur
1862 1132 1896 1191 lu
1907 1128 2072 1209 bugmmto

677 1268 705 1279 ·«
781 1244 973 1311 pergameneo
992 1249 1073 1295 nuuc
1098 1240 1181 1297 bane
1205 1238 1347 1316 orlglnele
1367 1240 1478 1301 insutu
1500 1237 1670 1301 Secundum
1692 1244 1794 1299 autem
1817 1239 1967 1317 intumum
1992 1234 2071 1298 lnlra

759 1380 762 1388 .
781 1336 956 1399 exhibemus
967 1339 1094 1403 adeun.
1109 1348 1297 1423 sequenln,
1315 1353 1351 1405 lt
1365 1341 1523 1425 Jeuunrll.)

709 1524 797 1596 Data
808 1525 904 1620 apud
921 1526 1137 1622 Hagenowe,
1165 1528 1224 1601 llll
1240 1550 1349 1603 nonas
1362 1528 1571 1636 decembris,
1589 1530 1777 1604 indictione
1791 1528 1850 1603 vl.

890 1861 1834 1877 amm-“Um

716 2158 919 2267 Homines,
941 2157 1201 2242 Romanorum
1219 2184 1307 2267 rex,
1337 2158 1487 2274 scholas
1512 2160 1554 2241 in
1579 2158 1854 2267 blihlheusen,
1878 2158 1977 2242 sieut
2002 2156 2076 2241 sibi

663 2292 762 2376 cives
779 2290 852 2401 ipsi
867 2290 932 2401 jus
953 2302 1271 2401 recognoverunt,
1290 2292 1469 2376 ecclesiae
1487 2292 1615 2375 Sancti
1631 2292 1748 2375 Blasii
1765 2292 1899 2398 donat,
1919 2290 2076 2375 ilberto

661 2423 827 2537 plebano
861 2434 898 2508 et
930 2424 1212 2510 suecessoribus
1243 2423 1328 2535 ejus
1358 2425 1570 2511 concedens
1600 2434 1645 2509 ut
1674 2424 1779 2534 ipsas
1805 2423 1956 2509 scholas
1986 2449 2076 2506 cum

662 2556 868 2641 elemosina
886 2554 1006 2669 regali
1024 2556 1201 2639 ordinare
1218 2556 1379 2666 possint.

746 2792 869 2871 (lnedlt
885 2812 923 2855 ex
937 2754 1073 2873 eopleab
1088 2795 1226 2856 Helnrlco
1244 2795 1351 2857 abbate
1372 2796 1410 2857 de
1422 2795 1639 2858 Volkolderode
1655 2804 1828 2858 aanoldis
1844 2798 2032 2873 transumpto
2046 2799 2078 2855 et

782 2903 813 2963 lu
827 2900 947 2963 archivo
962 2900 1119 2962 Dresdensl
1138 2902 1312 2981 msersata.)

712 3118 906 3210 heinricus,
928 3118 990 3190 Dei
1007 3117 1118 3212 gralia
1135 3118 1366 3191 Romanorum
1392 3138 1457 3191 rex
1482 3127 1517 3191 et
1544 3138 1680 3213 semper
1695 3128 1884 3211 augustus,
1908 3117 2079 3189 universis

665 3242 800 3337 imperii
818 3240 981 3315 fidelibus
999 3242 1128 3337 quibus
1143 3241 1208 3315 hee
1221 3243 1468 3317 littereinerint
1480 3252 1639 3333 ostense,
1654 3243 1800 3337 gratiam
1817 3262 1916 3313 snam
1932 3251 1967 3314 et
1978 3260 2079 3314 omne

664 3368 808 3440 bonum.
827 3367 913 3439 Cum
925 3388 1028 3441 omne
1040 3370 1098 3461 jus
1113 3378 1313 3462 patronatus
1328 3390 1448 3441 earnm
1463 3366 1687 3440 ecclesiarum
1705 3387 1854 3461 quarum
1875 3365 2015 3439 donatio
2033 3364 2079 3438 ud

667 3512 732 3563 nos
744 3491 914 3586 pertinere
931 3490 1122 3563 dinoscitur
1139 3502 1174 3563 et
1186 3497 1245 3564 eas
1263 3492 1444 3587 parochias
1459 3492 1571 3585 magis
1587 3512 1724 3586 semper
1740 3491 1937 3583 augmentis
1953 3500 1987 3563 el
2003 3490 2079 3562 aliis

668 3614 895 3709 dignitatibus
909 3616 1063 3688 exaltare
1074 3612 1144 3712 (a),
1172 3625 1291 3688 notum
1308 3636 1384 3689 esse
1405 3616 1569 3689 volumus
1582 3615 1754 3689 uniuersis
1774 3612 1871 3711 qnod
1886 3636 1951 3687 noe
1971 3614 2080 3687 scolas

669 3740 706 3813 in
723 3740 926 3832 Mulhuseu,
952 3739 1042 3813 sicut
1060 3740 1125 3835 ipsi
1144 3740 1240 3813 cives
1255 3740 1361 3813 nostri
1375 3740 1412 3811 in
1429 3739 1587 3833 ejusdem
1600 3736 1648 3836 (b)
1663 3739 1897 3834 assignatione
1912 3737 2012 3811 nobis
2021 3742 2080 3831 jus

670 3874 968 3959 recognoverunt,
997 3864 1141 3937 ecclesie
1164 3864 1280 3937 Sancti
1303 3864 1407 3936 Blasii
1426 3864 1471 3938 de
1493 3872 1606 3937 cetero
1622 3864 1854 3937 concessimus
1869 3871 1904 3935 et
1920 3861 2082 3936 dedimus

670 3987 874 4078 locandam3
902 3988 1060 4061 eamdem
1083 3988 1229 4083 gratiam
1244 3988 1384 4062 Alberlo
1405 3998 1490 4061 tunc
1503 3988 1667 4085 temporis
1681 3988 1732 4061 ibi
1755 3988 1903 4082 plebano
1915 3995 1951 4059 et
1967 3994 2083 4059 nostro

673 4112 876 4208 cappellano
891 4122 926 4185 et
942 4112 1021 4185 aliis
1033 4113 1107 4184 suis
1118 4112 1374 4186 successoribus
1393 4111 1438 4185 de
1451 4122 1567 4187 nostra
1581 4110 1818 4185 m'uniliceutia
1836 4111 2016 4198 iacientes,
2034 4109 2084 4183 ita

674 4236 770 4332 quod
787 4236 833 4310 de
842 4245 963 4311 xcetero
974 4235 1020 4311 ad
1036 4237 1248 4311 voluntatem
1260 4258 1379 4311 eorum
1393 4239 1547 4332 regimen
1558 4238 1689 4311 scolare
1700 4245 1736 4309 et
1748 4237 1842 4332 ipsas
1855 4236 1967 4309 scolas
1980 4233 2084 4308 etiam

676 4383 755 4435 cum
770 4363 958 4437 elemosina
975 4383 1044 4456 que
1060 4360 1098 4431 in
1118 4359 1241 4434 eadem
1259 4362 1398 4437 civitate
1414 4373 1531 4437 nostra
1545 4362 1730 4437 Mulhuseu
1748 4360 1877 4435 dicitur
1898 4357 2086 4433 elemosina

676 4486 824 4581 regalis5
841 4486 1003 4560 ordinare
1018 4486 1173 4581 possint,
1194 4485 1284 4558 sicut
1295 4487 1370 4559 suis
1382 4487 1523 4581 justitiis
1538 4497 1574 4560 et
1587 4485 1793 4559 utilitatibus
1813 4484 1965 4558 viderint
1979 4502 2086 4577 expe·

719 4688 761 4769 (o)
779 4688 869 4749 Deest
881 4690 913 4749 in
926 4691 1010 4768 copie
1022 4686 1171 4751 dicamus
1189 4692 1236 4751 vol
1250 4690 1433 4770 hujusmodl.

721 4797 761 4879 (b)
783 4799 832 4861 sle
845 4804 876 4858 ct
888 4798 966 4883 luha
980 4816 1097 4878 quoque
1117 4796 1268 4861 locoodm
1280 4802 1485 4879 slugulurllcr,
1505 4800 1575 4861 lloet
1585 4798 1624 4860 cd
1636 4812 1740 4861 uocem
1751 4792 1860 4859 seboim
1872 4792 2045 4855 raterentm.
