4859 6359
604 767 665 830 832
1104 758 1326 821 ratnssntcr
1353 758 1528 822 secorbi
1824 763 1908 841 [An.
1926 762 2014 826 lete

605 893 1040 996 videmus2transeundam,
1064 893 1186 992 inqua
1202 903 1322 970 oontm
1338 896 1553 970 leonenses
1566 896 1628 992 qui
1645 895 1916 972 lombardorum
1938 921 2016 973 ver·

608 1027 708 1101 sutiis
721 1022 885 1114 involuti,
907 1019 1023 1114 ejectis
1044 1017 1089 1092 de
1109 1019 1249 1094 civitate
1261 1019 1328 1094 iltis
1345 1022 1408 1118 qui
1425 1022 1577 1118 corrupti
1591 1023 1663 1114 iam
1687 1024 1822 1096 tuerent
1834 1023 2015 1096 fraudibus

607 1159 642 1225 et
660 1147 808 1245 pecunia
821 1143 1106 1234 lombardorum,
1123 1164 1248 1218 nomen
1266 1154 1423 1218 nostrum
1438 1153 1474 1218 et
1490 1145 1624 1242 imperii
1644 1145 1784 1242 publica
1794 1146 2013 1238 invocarunt,

609 1273 657 1346 ad
667 1267 1033 1344 excommunicationis
1048 1267 1252 1340 sententiam
1268 1288 1334 1342 vos
1348 1269 1438 1341 velte
1452 1267 1639 1364 procedere
1649 1267 1808 1360 dixistis;
1827 1290 1893 1342 nec
1905 1268 2017 1342 iuhoc

609 1395 829 1470 commodum
854 1399 1009 1464 nostrum
1033 1389 1273 1483 solummodo,
1293 1389 1359 1466 sed
1376 1391 1541 1466 honorem
1557 1391 1709 1466 Ecclesia
1731 1394 2014 1490 contemplamur.

607 1516 771 1591 Nonnulli
788 1522 870 1588 sunt
884 1513 1011 1587 etenim
1030 1513 1105 1609 qui,
1124 1512 1265 1586 forsitan
1280 1513 1489 1587 m'aaniorum
1503 1513 1580 1606 titii,
1594 1513 1641 1588 ad
1653 1514 1915 1610 aggregandum
1926 1516 2016 1591 ciri·

610 1651 713 1715 tatem
731 1639 840 1735 ipsam
858 1637 1011 1711 societati
1025 1635 1298 1710 lombardorum
1315 1637 1383 1711 sub
1398 1646 1558 1734 protextu
1575 1637 1748 1734 petitionis
1760 1637 1937 1730 obsidum,
1952 1661 2019 1714 ros
2065 1616 2068 1619 ’

610 1765 779 1838 extimant
789 1761 971 1858 aspirasse.
984 1761 1028 1832 Et
1038 1781 1253 1856 quanquam,
1264 1771 1367 1856 prout
1375 1759 1519 1835 tirmiter
1533 1762 1721 1855 credimus,
1734 1762 1888 1858 ipsorum
1900 1763 2019 1860 opinio

612 1886 789 1962 averibte
810 1883 977 1973 discedat,
995 1883 1081 1978 qnia
1097 1893 1210 1956 mmen
1229 1892 1345 1956 tantus
1366 1896 1420 1958 est
1442 1905 1608 1958 numerus
1629 1885 1832 1960 eorumdem
1852 1885 1951 1980 quod
1969 1895 2021 1960 tot

613 2009 833 2085 mendacium
859 2007 1013 2104 dapum
1040 2007 1159 2080 relatio
1180 2006 1308 2080 habere
1327 2010 1401 2102 jam
1425 2009 1548 2104 incipit
1567 2008 1661 2082 vires
1682 2010 1793 2102 tame,
1816 2011 2021 2082 constantis·

611 2135 698 2206 sime
717 2130 890 2206 credimus
907 2130 1029 2204 honori
1047 2138 1162 2204 vestro
1178 2132 1382 2220 consulere,
1406 2131 1492 2206 dnm
1508 2154 1670 2226 rogamus
1684 2132 1781 2229 qnod
1796 2156 1858 2230 per
1878 2132 2021 2207 exhibi-

613 2259 740 2330 tionem
756 2254 869 2350 operis
884 2254 1094 2328 contrarium
1110 2253 1363 2328 demonstretis.
1381 2255 1453 2328 Hac
1471 2256 1577 2351 igitur
1593 2257 1722 2340 omnia,
1737 2255 2023 2330 reverendissime

613 2391 721 2478 pater,
741 2378 821 2452 siin
842 2377 1153 2452 considerationum
1166 2387 1359 2451 vestrarum
1380 2379 1469 2451 libra
1490 2377 1674 2474 diligenter
1696 2379 1910 2476 appenditis,
1936 2379 2021 2451 dum

613 2503 774 2579 affectum
803 2503 978 2598 purissimi
1007 2500 1069 2574 filii
1097 2501 1188 2574 circa
1204 2523 1268 2576 vos
1283 2511 1320 2576 et
1343 2512 1487 2576 matrem
1507 2503 1713 2592 Ecclesiam,
1745 2503 1831 2576 dum
1853 2503 2022 2597 iustitiam

614 2627 831 2704 rescribentis
859 2625 1098 2722 perspicaciter
1131 2624 1353 2717 discernatis,
1378 2626 1600 2700 acerbitatem
1626 2627 1723 2700 verbi
1748 2625 1846 2722 quod
1868 2636 2023 2701 anaema

613 2753 801 2826 litterarum
830 2759 1021 2824 resbacum
1049 2749 1225 2822 conclusio
1250 2749 1447 2824 mutuebat
1471 2775 1490 2821 a
1510 2772 1574 2824 ros
1601 2751 1785 2824 observare
1809 2751 2022 2824 totermtiam

618 2876 761 2950 ulterius
779 2895 849 2948 uon
869 2873 984 2947 valere
1001 2899 1041 2965 n,
1062 2873 1167 2946 vestri
1183 2873 1347 2946 conclave
1372 2874 1506 2947 consilii
1534 2873 1674 2948 forsitan
1700 2883 1934 2970 temperasset.
1954 2875 2026 2946 lte·

616 2999 723 3095 nique
745 3019 850 3093 snper
867 2998 1005 3090 negotio
1028 2997 1126 3091 regni
1144 2997 1249 3093 Cypri
1270 3005 1306 3070 et
1327 3052 1336 3068 .
1355 3051 1365 3068 .
1386 3052 1393 3068 .
1415 2997 1606 3094 patriarche
1625 2997 1911 3071 Hierosotimitani
1933 2995 2025 3070 deli·
2114 2974 2118 2982 ⁵

616 3121 778 3196 beratiori
809 3119 951 3194 oonsilio
980 3119 1067 3194 iilud
1098 3119 1292 3216 paternitati
1322 3129 1437 3193 vestre
1464 3120 1673 3216 respondere
1699 3119 1917 3210 curabimus,
1944 3141 2024 3192 cum

619 3246 711 3322 duca
732 3246 880 3318 Domino
904 3244 939 3316 iu
963 3244 1095 3316 Italiam
1119 3243 1332 3317 cismontana
1348 3243 1525 3340 provincia
1542 3266 1606 3318 nos
1629 3244 1698 3318 sub
1719 3253 1835 3341 optata
1858 3253 1947 3317 sorte
1969 3265 2026 3316 re·

621 3369 781 3458 duxerit,
802 3365 899 3462 quod
922 3366 1046 3440 honori
1061 3375 1177 3440 vestro
1195 3377 1231 3440 et
1247 3367 1399 3440 Ecclesia
1420 3388 1464 3440 ac
1486 3368 1623 3464 imperii
1638 3367 1829 3443 uiderimus
1845 3365 2023 3464 expedire.

626 3557 630 3568 .
669 3493 795 3565 Datum
814 3489 909 3587 apud
926 3489 1074 3586 Spiram,
1092 3490 1169 3564 xvl
1187 3491 1318 3586 aprilis,
1336 3492 1384 3562 tx
1401 3490 1613 3566 indictionis.

476 4091 558 4200 ¹1...
675 4068 906 4178 Fridericus,
939 4067 1197 4154 Romanorum
1233 4070 1459 4182 imperator,
1492 4073 1722 4157 monasterio
1753 4071 2031 4158 Paterniacensi

538 4228 544 4242 ·
621 4201 903 4313 (Peterlingen)
926 4201 1126 4286 confirmat
1147 4201 1388 4314 privilegium
1415 4202 1539 4288 eidem
1560 4231 1585 4288 a
1605 4204 1795 4289 Friderico
1812 4204 1937 4314 primo
1960 4227 2032 4286 auo

619 4361 690 4420 suo
706 4338 755 4418 15
768 4333 949 4418 februarii
965 4337 1067 4418 1155
1081 4359 1320 4442 concessum,
1335 4361 1414 4446 quo
1427 4335 1518 4446 jura
1530 4347 1568 4419 et
1584 4337 1842 4446 possessiones
1858 4335 2033 4446 ejusdem

621 4475 877 4550 recensentur.

706 4653 801 4733 (Edit.
815 4669 865 4731 ap.
876 4653 1071 4734 Gmcnanou,
1085 4649 1160 4715 aet
1178 4651 1294 4729 Sabou,
1309 4669 1358 4732 ap.
1373 4653 1557 4731 Romans,
1571 4661 1594 4716 t
1608 4657 1636 4730 l,
1649 4671 1682 4734 p.
1698 4663 1766 4717 tte.
1777 4687 1818 4702 -
1830 4653 2034 4724 Smouanm,

740 4755 836 4820 Aleae.
851 4755 1001 4839 diplomat.
1012 4765 1036 4820 t.
1047 4759 1075 4834 Ι,
1085 4776 1116 4837 p.
1130 4767 1187 4820 tat
1202 4766 1232 4822 et
1247 4761 1549 4840 81⁷,exapographo
1562 4755 2032 4824 nummo-mnemon

746 4859 1034 4946 walachrum.
1054 4871 1142 4945 taso,
1156 4883 1187 4944 p.
1204 4865 1269 4946 re.)
