<?xml version="1.0" encoding="UTF-8"?>
<!DOCTYPE html PUBLIC "-//W3C//DTD XHTML 1.0 Transitional//EN"
    "http://www.w3.org/TR/xhtml1/DTD/xhtml1-transitional.dtd">
<html xmlns="http://www.w3.org/1999/xhtml" xml:lang="en" lang="en">
 <head>
  <title>
</title>
<meta http-equiv="Content-Type" content="text/html;charset=utf-8" />
  <meta name='ocr-system' content='tesseract 3.04.00' />
  <meta name='ocr-capabilities' content='ocr_page ocr_carea ocr_par ocr_line ocrx_word'/>
</head>
<body>
  <div class='ocr_page' id='page_1' title='image "./historiadiploma05fredgoog_0427.png"; bbox 0 0 4859 6359; ppageno 0'>
   <div class='ocr_carea' id='block_1_1' title="bbox 947 660 1910 726">
    <p class='ocr_par' dir='ltr' id='par_1_1' title="bbox 947 660 1910 726">
     <span class='ocr_line' id='line_1_1' title="bbox 947 660 1910 726; baseline 0.002 -6"><span class='ocrx_word' id='word_1_1' title='bbox 947 661 1074 721; x_wconf 80' lang='lat' dir='ltr'>INDEX</span> <span class='ocrx_word' id='word_1_2' title='bbox 1099 661 1452 726; x_wconf 76' lang='lat' dir='ltr'><strong>nocollnnll&#39;onutt.</strong></span> <span class='ocrx_word' id='word_1_3' title='bbox 1848 660 1910 722; x_wconf 85' lang='grc'><strong>969</strong></span> 
     </span>
    </p>
   </div>
   <div class='ocr_carea' id='block_1_2' title="bbox 493 866 630 987">
    <p class='ocr_par' dir='ltr' id='par_1_2' title="bbox 493 866 630 987">
     <span class='ocr_line' id='line_1_2' title="bbox 493 866 630 987; baseline 0 -44"><span class='ocrx_word' id='word_1_4' title='bbox 493 866 630 987; x_wconf 59' lang='grc'><strong>(444</strong></span> 
     </span>
    </p>
   </div>
   <div class='ocr_carea' id='block_1_3' title="bbox 500 988 1913 4939">
    <p class='ocr_par' dir='ltr' id='par_1_3' title="bbox 916 988 1908 1070">
     <span class='ocr_line' id='line_1_3' title="bbox 916 988 1908 1070; baseline -0.006 -17"><span class='ocrx_word' id='word_1_5' title='bbox 916 993 1053 1070; x_wconf 75' lang='lat' dir='ltr'><strong>uolanis,</strong></span> <span class='ocrx_word' id='word_1_6' title='bbox 1069 993 1235 1052; x_wconf 85' lang='lat' dir='ltr'><strong>camerariis</strong></span> <span class='ocrx_word' id='word_1_7' title='bbox 1250 997 1280 1052; x_wconf 90' lang='grc'><strong>44</strong></span> <span class='ocrx_word' id='word_1_8' title='bbox 1293 992 1438 1052; x_wconf 87' lang='lat' dir='ltr'><strong>universis</strong></span> <span class='ocrx_word' id='word_1_9' title='bbox 1459 990 1637 1053; x_wconf 83' lang='lat' dir='ltr'><strong>officialibus</strong></span> <span class='ocrx_word' id='word_1_10' title='bbox 1649 990 1711 1051; x_wconf 89' lang='lat' dir='ltr'><strong>suls</strong></span> <span class='ocrx_word' id='word_1_11' title='bbox 1730 988 1854 1049; x_wconf 86' lang='lat' dir='ltr'><strong>mandat</strong></span> <span class='ocrx_word' id='word_1_12' title='bbox 1873 994 1908 1049; x_wconf 90' lang='lat' dir='ltr'><strong>ut</strong></span> 
     </span>
    </p>

    <p class='ocr_par' dir='ltr' id='par_1_4' title="bbox 916 1087 1908 1167">
     <span class='ocr_line' id='line_1_4' title="bbox 916 1087 1908 1167; baseline -0.002 -18"><span class='ocrx_word' id='word_1_13' title='bbox 916 1092 1049 1150; x_wconf 86' lang='lat' dir='ltr'><strong>interris</strong></span> <span class='ocrx_word' id='word_1_14' title='bbox 1068 1090 1199 1150; x_wconf 83' lang='lat' dir='ltr'><strong>demanii</strong></span> <span class='ocrx_word' id='word_1_15' title='bbox 1219 1092 1266 1150; x_wconf 90' lang='lat' dir='ltr'><strong>sul</strong></span> <span class='ocrx_word' id='word_1_16' title='bbox 1287 1096 1349 1150; x_wconf 89' lang='lat' dir='ltr'><strong>tam</strong></span> <span class='ocrx_word' id='word_1_17' title='bbox 1372 1089 1518 1150; x_wconf 84' lang='lat' dir='ltr'><strong>veteribus</strong></span> <span class='ocrx_word' id='word_1_18' title='bbox 1532 1104 1623 1167; x_wconf 85' lang='lat' dir='ltr'><strong>quam</strong></span> <span class='ocrx_word' id='word_1_19' title='bbox 1637 1090 1752 1148; x_wconf 85' lang='grc'><strong>4441444</strong></span> <span class='ocrx_word' id='word_1_20' title='bbox 1764 1087 1908 1147; x_wconf 84' lang='lat' dir='ltr'><strong>revocatis</strong></span> 
     </span>
    </p>

    <p class='ocr_par' dir='ltr' id='par_1_5' title="bbox 917 1186 1907 1264">
     <span class='ocr_line' id='line_1_5' title="bbox 917 1186 1907 1264; baseline -0.003 -18"><span class='ocrx_word' id='word_1_21' title='bbox 917 1186 996 1246; x_wconf 87' lang='lat' dir='ltr'><strong>idem</strong></span> <span class='ocrx_word' id='word_1_22' title='bbox 1009 1188 1219 1247; x_wconf 88' lang='lat' dir='ltr'><strong>monasterium</strong></span> <span class='ocrx_word' id='word_1_23' title='bbox 1232 1188 1419 1247; x_wconf 84' lang='lat' dir='ltr'><strong>immunitate</strong></span> <span class='ocrx_word' id='word_1_24' title='bbox 1432 1202 1523 1264; x_wconf 89' lang='lat' dir='ltr'><strong>quam</strong></span> <span class='ocrx_word' id='word_1_25' title='bbox 1539 1188 1603 1264; x_wconf 86' lang='lat' dir='ltr'><strong>ipse</strong></span> <span class='ocrx_word' id='word_1_26' title='bbox 1621 1186 1780 1259; x_wconf 77' lang='lat' dir='ltr'><strong>concessit,</strong></span> <span class='ocrx_word' id='word_1_27' title='bbox 1794 1186 1839 1245; x_wconf 91' lang='lat' dir='ltr'><strong>uti</strong></span> <span class='ocrx_word' id='word_1_28' title='bbox 1852 1199 1907 1259; x_wconf 88' lang='lat' dir='ltr'><strong>ps-</strong></span> 
     </span>
    </p>

    <p class='ocr_par' dir='ltr' id='par_1_6' title="bbox 918 1283 1907 1361">
     <span class='ocr_line' id='line_1_6' title="bbox 918 1283 1907 1361; baseline -0.003 -18"><span class='ocrx_word' id='word_1_29' title='bbox 918 1283 1001 1344; x_wconf 88' lang='lat' dir='ltr'><strong>clilce</strong></span> <span class='ocrx_word' id='word_1_30' title='bbox 1014 1286 1198 1361; x_wconf 86' lang='lat' dir='ltr'><strong>permittant.</strong></span> <span class='ocrx_word' id='word_1_31' title='bbox 1849 1289 1907 1341; x_wconf 88' lang='grc'><strong>424</strong></span> 
     </span>
    </p>

    <p class='ocr_par' dir='ltr' id='par_1_7' title="bbox 501 1376 1910 1555">
     <span class='ocr_line' id='line_1_7' title="bbox 501 1376 1909 1455; baseline 0.001 -18"><span class='ocrx_word' id='word_1_32' title='bbox 501 1376 628 1438; x_wconf 76' lang='lat' dir='ltr'><strong>februar.</strong></span> <span class='ocrx_word' id='word_1_33' title='bbox 710 1377 800 1455; x_wconf 80' lang='lat' dir='ltr'><strong>Apud</strong></span> <span class='ocrx_word' id='word_1_34' title='bbox 879 1412 919 1423; x_wconf 93' lang='lat'>-</span> <span class='ocrx_word' id='word_1_35' title='bbox 936 1380 1140 1441; x_wconf 81' lang='lat' dir='ltr'><strong>Eberhardum</strong></span> <span class='ocrx_word' id='word_1_36' title='bbox 1162 1379 1300 1441; x_wconf 75' lang='lat' dir='ltr'><strong>abbatem</strong></span> <span class='ocrx_word' id='word_1_37' title='bbox 1319 1380 1356 1440; x_wconf 90' lang='grc'><strong>(14</strong></span> <span class='ocrx_word' id='word_1_38' title='bbox 1378 1380 1475 1442; x_wconf 87' lang='lat' dir='ltr'><strong>Salem</strong></span> <span class='ocrx_word' id='word_1_39' title='bbox 1488 1386 1518 1440; x_wconf 92' lang='lat' dir='ltr'><strong>et</strong></span> <span class='ocrx_word' id='word_1_40' title='bbox 1531 1380 1742 1441; x_wconf 89' lang='lat' dir='ltr'><strong>monasterium</strong></span> <span class='ocrx_word' id='word_1_41' title='bbox 1764 1380 1828 1455; x_wconf 87' lang='lat' dir='ltr'><strong>eJus</strong></span> <span class='ocrx_word' id='word_1_42' title='bbox 1840 1393 1909 1438; x_wconf 88' lang='lat' dir='ltr'><strong>oum</strong></span> 
     </span>
     <span class='ocr_line' id='line_1_8' title="bbox 670 1474 1910 1555; baseline 0.001 -20"><span class='ocrx_word' id='word_1_43' title='bbox 670 1474 841 1537; x_wconf 86' lang='lat' dir='ltr'><strong>Canusium.</strong></span> <span class='ocrx_word' id='word_1_44' title='bbox 916 1478 1048 1552; x_wconf 89' lang='lat' dir='ltr'><strong>personis</strong></span> <span class='ocrx_word' id='word_1_45' title='bbox 1061 1483 1092 1537; x_wconf 86' lang='lat' dir='ltr'><strong>et</strong></span> <span class='ocrx_word' id='word_1_46' title='bbox 1104 1477 1192 1537; x_wconf 90' lang='lat' dir='ltr'><strong>rebus</strong></span> <span class='ocrx_word' id='word_1_47' title='bbox 1212 1477 1244 1536; x_wconf 94' lang='lat' dir='ltr'><strong>in</strong></span> <span class='ocrx_word' id='word_1_48' title='bbox 1262 1480 1441 1553; x_wconf 89' lang='lat' dir='ltr'><strong>protectione</strong></span> <span class='ocrx_word' id='word_1_49' title='bbox 1462 1494 1517 1537; x_wconf 92' lang='lat' dir='ltr'><strong>sua</strong></span> <span class='ocrx_word' id='word_1_50' title='bbox 1534 1477 1653 1555; x_wconf 85' lang='lat' dir='ltr'><strong>speciali</strong></span> <span class='ocrx_word' id='word_1_51' title='bbox 1673 1476 1790 1553; x_wconf 89' lang='lat' dir='ltr'><strong>recipit,</strong></span> <span class='ocrx_word' id='word_1_52' title='bbox 1810 1477 1910 1536; x_wconf 89' lang='grc'><strong>44414</strong></span> 
     </span>
    </p>

    <p class='ocr_par' dir='ltr' id='par_1_8' title="bbox 917 1572 1910 1651">
     <span class='ocr_line' id='line_1_9' title="bbox 917 1572 1910 1651; baseline 0 -18"><span class='ocrx_word' id='word_1_53' title='bbox 917 1589 1021 1633; x_wconf 88' lang='lat' dir='ltr'><strong>eorum</strong></span> <span class='ocrx_word' id='word_1_54' title='bbox 1032 1575 1187 1651; x_wconf 81' lang='lat' dir='ltr'><strong>privilegia</strong></span> <span class='ocrx_word' id='word_1_55' title='bbox 1204 1572 1382 1634; x_wconf 86' lang='lat' dir='ltr'><strong>confirmans</strong></span> <span class='ocrx_word' id='word_1_56' title='bbox 1395 1580 1425 1633; x_wconf 88' lang='lat' dir='ltr'><strong>et</strong></span> <span class='ocrx_word' id='word_1_57' title='bbox 1437 1574 1601 1651; x_wconf 75' lang='lat' dir='ltr'><strong>specialiter</strong></span> <span class='ocrx_word' id='word_1_58' title='bbox 1620 1574 1836 1634; x_wconf 87' lang='lat' dir='ltr'><strong>immunitatem</strong></span> <span class='ocrx_word' id='word_1_59' title='bbox 1849 1574 1910 1633; x_wconf 90' lang='lat' dir='ltr'><strong>eis-</strong></span> 
     </span>
    </p>

    <p class='ocr_par' dir='ltr' id='par_1_9' title="bbox 918 1667 1908 1740">
     <span class='ocr_line' id='line_1_10' title="bbox 918 1667 1908 1740; baseline -0.002 -12"><span class='ocrx_word' id='word_1_60' title='bbox 918 1668 987 1728; x_wconf 88' lang='grc'><strong>(144</strong></span> <span class='ocrx_word' id='word_1_61' title='bbox 1000 1668 1039 1727; x_wconf 89' lang='lat' dir='ltr'><strong>ab</strong></span> <span class='ocrx_word' id='word_1_62' title='bbox 1052 1669 1180 1740; x_wconf 85' lang='lat' dir='ltr'><strong>llenrlco</strong></span> <span class='ocrx_word' id='word_1_63' title='bbox 1193 1667 1256 1727; x_wconf 87' lang='lat' dir='ltr'><strong>illio</strong></span> <span class='ocrx_word' id='word_1_64' title='bbox 1268 1684 1322 1728; x_wconf 89' lang='lat' dir='ltr'><strong>suo</strong></span> <span class='ocrx_word' id='word_1_65' title='bbox 1335 1684 1512 1729; x_wconf 86' lang='lat' dir='ltr'><strong>concessam.</strong></span> <span class='ocrx_word' id='word_1_66' title='bbox 1849 1675 1908 1727; x_wconf 93' lang='grc'><strong>424</strong></span> 
     </span>
    </p>

    <p class='ocr_par' dir='ltr' id='par_1_10' title="bbox 502 1763 1911 2020">
     <span class='ocr_line' id='line_1_11' title="bbox 502 1763 1911 1843; baseline 0.004 -21"><span class='ocrx_word' id='word_1_67' title='bbox 502 1763 619 1824; x_wconf 84' lang='grc'><strong>444414.</strong></span> <span class='ocrx_word' id='word_1_68' title='bbox 712 1764 802 1842; x_wconf 79' lang='lat' dir='ltr'><strong>Apud</strong></span> <span class='ocrx_word' id='word_1_69' title='bbox 879 1796 919 1811; x_wconf 89' lang='lat'><em>-</em></span> <span class='ocrx_word' id='word_1_70' title='bbox 940 1764 1075 1827; x_wconf 82' lang='lat' dir='ltr'><strong>Conrado</strong></span> <span class='ocrx_word' id='word_1_71' title='bbox 1095 1765 1232 1826; x_wconf 84' lang='lat' dir='ltr'><strong>filiosuo</strong></span> <span class='ocrx_word' id='word_1_72' title='bbox 1255 1766 1404 1825; x_wconf 85' lang='lat' dir='ltr'><strong>civitatem</strong></span> <span class='ocrx_word' id='word_1_73' title='bbox 1427 1766 1548 1827; x_wconf 84' lang='lat' dir='ltr'><strong>Galatae</strong></span> <span class='ocrx_word' id='word_1_74' title='bbox 1566 1780 1634 1826; x_wconf 89' lang='lat' dir='ltr'><strong>oum</strong></span> <span class='ocrx_word' id='word_1_75' title='bbox 1652 1767 1911 1843; x_wconf 84' lang='lat' dir='ltr'><strong>pertinentilsejus</strong></span> 
     </span>
     <span class='ocr_line' id='line_1_12' title="bbox 665 1862 1911 1941; baseline 0 -18"><span class='ocrx_word' id='word_1_76' title='bbox 665 1862 844 1923; x_wconf 88' lang='lat' dir='ltr'><strong>Policorom.</strong></span> <span class='ocrx_word' id='word_1_77' title='bbox 919 1862 1069 1936; x_wconf 85' lang='lat' dir='ltr'><strong>concedit,</strong></span> <span class='ocrx_word' id='word_1_78' title='bbox 1084 1868 1115 1923; x_wconf 89' lang='lat' dir='ltr'><strong>et</strong></span> <span class='ocrx_word' id='word_1_79' title='bbox 1134 1862 1280 1939; x_wconf 86' lang='lat' dir='ltr'><strong>quosdam</strong></span> <span class='ocrx_word' id='word_1_80' title='bbox 1306 1863 1419 1923; x_wconf 86' lang='lat' dir='ltr'><strong>nobiles</strong></span> <span class='ocrx_word' id='word_1_81' title='bbox 1443 1866 1496 1941; x_wconf 89' lang='lat' dir='ltr'><strong>qul</strong></span> <span class='ocrx_word' id='word_1_82' title='bbox 1516 1862 1662 1924; x_wconf 80' lang='lat' dir='ltr'><strong>Ecclesiae</strong></span> <span class='ocrx_word' id='word_1_83' title='bbox 1684 1868 1786 1923; x_wconf 90' lang='lat' dir='ltr'><strong>contra</strong></span> <span class='ocrx_word' id='word_1_84' title='bbox 1811 1866 1911 1939; x_wconf 90' lang='lat' dir='ltr'><strong>ipsum</strong></span> 
     </span>
     <span class='ocr_line' id='line_1_13' title="bbox 919 1958 1910 2020; baseline 0.001 -1"><span class='ocrx_word' id='word_1_85' title='bbox 919 1959 1113 2020; x_wconf 84' lang='lat' dir='ltr'><strong>adhaeserant</strong></span> <span class='ocrx_word' id='word_1_86' title='bbox 1125 1959 1221 2019; x_wconf 86' lang='lat' dir='ltr'><strong>eidem</strong></span> <span class='ocrx_word' id='word_1_87' title='bbox 1234 1962 1266 2019; x_wconf 91' lang='lat' dir='ltr'><strong>ln</strong></span> <span class='ocrx_word' id='word_1_88' title='bbox 1279 1959 1420 2019; x_wconf 88' lang='lat' dir='ltr'><strong>vassallos</strong></span> <span class='ocrx_word' id='word_1_89' title='bbox 1434 1958 1535 2020; x_wconf 89' lang='grc'><strong>(14444.</strong></span> <span class='ocrx_word' id='word_1_90' title='bbox 1851 1968 1910 2020; x_wconf 85' lang='grc'><strong>426</strong></span> 
     </span>
    </p>

    <p class='ocr_par' dir='ltr' id='par_1_11' title="bbox 508 2053 1912 2231">
     <span class='ocr_line' id='line_1_14' title="bbox 508 2053 1911 2133; baseline 0.004 -22"><span class='ocrx_word' id='word_1_91' title='bbox 508 2054 619 2114; x_wconf 82' lang='grc'><strong>444411.</strong></span> <span class='ocrx_word' id='word_1_92' title='bbox 671 2056 836 2118; x_wconf 76' lang='lat' dir='ltr'><strong>Messanae.</strong></span> <span class='ocrx_word' id='word_1_93' title='bbox 880 2089 921 2101; x_wconf 96' lang='lat'><em>-</em></span> <span class='ocrx_word' id='word_1_94' title='bbox 939 2056 988 2116; x_wconf 77' lang='lat' dir='ltr'><strong>An</strong></span> <span class='ocrx_word' id='word_1_95' title='bbox 998 2058 1216 2133; x_wconf 78' lang='lat' dir='ltr'><strong>requisitionem</strong></span> <span class='ocrx_word' id='word_1_96' title='bbox 1227 2056 1373 2116; x_wconf 88' lang='lat' dir='ltr'><strong>Leonardl</strong></span> <span class='ocrx_word' id='word_1_97' title='bbox 1386 2055 1524 2117; x_wconf 86' lang='lat' dir='ltr'><strong>Cuvensls</strong></span> <span class='ocrx_word' id='word_1_98' title='bbox 1536 2054 1667 2132; x_wconf 85' lang='lat' dir='ltr'><strong>abbatis,</strong></span> <span class='ocrx_word' id='word_1_99' title='bbox 1682 2053 1831 2117; x_wconf 85' lang='lat' dir='ltr'><strong>liobberto</strong></span> <span class='ocrx_word' id='word_1_100' title='bbox 1844 2055 1911 2116; x_wconf 89' lang='grc' dir='ltr'><strong>Μ4-</strong></span> 
     </span>
     <span class='ocr_line' id='line_1_15' title="bbox 920 2152 1912 2231; baseline 0.002 -18"><span class='ocrx_word' id='word_1_101' title='bbox 920 2153 1019 2215; x_wconf 87' lang='lat' dir='ltr'><strong>ierbae</strong></span> <span class='ocrx_word' id='word_1_102' title='bbox 1042 2156 1186 2231; x_wconf 78' lang='lat' dir='ltr'><strong>provisori</strong></span> <span class='ocrx_word' id='word_1_103' title='bbox 1208 2160 1373 2214; x_wconf 87' lang='lat' dir='ltr'><strong>castrorum</strong></span> <span class='ocrx_word' id='word_1_104' title='bbox 1395 2168 1517 2214; x_wconf 92' lang='lat' dir='ltr'><strong>suorum</strong></span> <span class='ocrx_word' id='word_1_105' title='bbox 1542 2153 1573 2212; x_wconf 94' lang='lat' dir='ltr'><strong>in</strong></span> <span class='ocrx_word' id='word_1_106' title='bbox 1601 2152 1771 2229; x_wconf 85' lang='lat' dir='ltr'><strong>Principatu</strong></span> <span class='ocrx_word' id='word_1_107' title='bbox 1790 2154 1912 2215; x_wconf 85' lang='lat' dir='ltr'><strong>mandat</strong></span> 
     </span>
    </p>

    <p class='ocr_par' dir='ltr' id='par_1_12' title="bbox 921 2248 1912 2325">
     <span class='ocr_line' id='line_1_16' title="bbox 921 2248 1912 2325; baseline 0.002 -15"><span class='ocrx_word' id='word_1_108' title='bbox 921 2267 959 2311; x_wconf 91' lang='lat' dir='ltr'><strong>ne</strong></span> <span class='ocrx_word' id='word_1_109' title='bbox 980 2250 1114 2311; x_wconf 89' lang='lat' dir='ltr'><strong>homines</strong></span> <span class='ocrx_word' id='word_1_110' title='bbox 1136 2250 1241 2311; x_wconf 83' lang='grc'><strong>4444114</strong></span> <span class='ocrx_word' id='word_1_111' title='bbox 1261 2250 1374 2311; x_wconf 79' lang='lat' dir='ltr'><strong>caveae</strong></span> <span class='ocrx_word' id='word_1_112' title='bbox 1398 2250 1437 2310; x_wconf 88' lang='lat' dir='ltr'><strong>ad</strong></span> <span class='ocrx_word' id='word_1_113' title='bbox 1459 2248 1651 2325; x_wconf 86' lang='lat' dir='ltr'><strong>reparandam</strong></span> <span class='ocrx_word' id='word_1_114' title='bbox 1674 2248 1801 2311; x_wconf 81' lang='lat' dir='ltr'><strong>Romam</strong></span> <span class='ocrx_word' id='word_1_115' title='bbox 1827 2266 1912 2312; x_wconf 86' lang='lat' dir='ltr'><strong>suam</strong></span> 
     </span>
    </p>

    <p class='ocr_par' dir='ltr' id='par_1_13' title="bbox 920 2347 1912 2427">
     <span class='ocr_line' id='line_1_17' title="bbox 920 2347 1912 2427; baseline 0.002 -20"><span class='ocrx_word' id='word_1_116' title='bbox 920 2348 1067 2408; x_wconf 89' lang='lat' dir='ltr'><strong>leonlis</strong></span> <span class='ocrx_word' id='word_1_117' title='bbox 1085 2348 1187 2407; x_wconf 88' lang='lat' dir='ltr'><strong>venire</strong></span> <span class='ocrx_word' id='word_1_118' title='bbox 1204 2347 1372 2423; x_wconf 86' lang='lat' dir='ltr'><strong>compellat,</strong></span> <span class='ocrx_word' id='word_1_119' title='bbox 1389 2348 1446 2406; x_wconf 86' lang='lat' dir='ltr'><strong>nisi</strong></span> <span class='ocrx_word' id='word_1_120' title='bbox 1463 2348 1545 2423; x_wconf 91' lang='lat' dir='ltr'><strong>prius</strong></span> <span class='ocrx_word' id='word_1_121' title='bbox 1566 2348 1756 2423; x_wconf 84' lang='lat' dir='ltr'><strong>inquisitione</strong></span> <span class='ocrx_word' id='word_1_122' title='bbox 1778 2347 1912 2427; x_wconf 86' lang='lat' dir='ltr'><strong>diligenti</strong></span> 
     </span>
    </p>

    <p class='ocr_par' dir='ltr' id='par_1_14' title="bbox 920 2440 1908 2503">
     <span class='ocr_line' id='line_1_18' title="bbox 920 2440 1908 2503; baseline 0 -1"><span class='ocrx_word' id='word_1_123' title='bbox 920 2440 1009 2502; x_wconf 87' lang='grc'><strong>14444.</strong></span> <span class='ocrx_word' id='word_1_124' title='bbox 1852 2450 1908 2503; x_wconf 84' lang='grc'><strong>424</strong></span> 
     </span>
    </p>

    <p class='ocr_par' dir='ltr' id='par_1_15' title="bbox 519 2534 1913 2713">
     <span class='ocr_line' id='line_1_19' title="bbox 519 2534 1913 2617; baseline 0.003 -22"><span class='ocrx_word' id='word_1_125' title='bbox 519 2534 607 2595; x_wconf 86' lang='lat' dir='ltr'><strong>maio.</strong></span> <span class='ocrx_word' id='word_1_126' title='bbox 674 2540 838 2603; x_wconf 85' lang='lat' dir='ltr'><strong>Messanae.</strong></span> <span class='ocrx_word' id='word_1_127' title='bbox 882 2569 921 2583; x_wconf 97' lang='lat'>—</span> <span class='ocrx_word' id='word_1_128' title='bbox 941 2538 989 2597; x_wconf 75' lang='lat' dir='ltr'><strong>Aa</strong></span> <span class='ocrx_word' id='word_1_129' title='bbox 1008 2538 1251 2616; x_wconf 72' lang='lat' dir='ltr'><strong>supplicationem</strong></span> <span class='ocrx_word' id='word_1_130' title='bbox 1268 2537 1368 2599; x_wconf 80' lang='lat' dir='ltr'><strong>fratris</strong></span> <span class='ocrx_word' id='word_1_131' title='bbox 1379 2538 1579 2617; x_wconf 89' lang='lat' dir='ltr'><strong>Symboltoni</strong></span> <span class='ocrx_word' id='word_1_132' title='bbox 1592 2537 1629 2598; x_wconf 92' lang='grc'><strong>(14</strong></span> <span class='ocrx_word' id='word_1_133' title='bbox 1642 2537 1731 2598; x_wconf 84' lang='grc'><strong>(1444</strong></span> <span class='ocrx_word' id='word_1_134' title='bbox 1749 2538 1913 2599; x_wconf 89' lang='lat' dir='ltr'><strong>Theutoni-</strong></span> 
     </span>
     <span class='ocr_line' id='line_1_20' title="bbox 921 2634 1913 2713; baseline 0.002 -18"><span class='ocrx_word' id='word_1_135' title='bbox 921 2651 1023 2695; x_wconf 89' lang='lat' dir='ltr'><strong>corum</strong></span> <span class='ocrx_word' id='word_1_136' title='bbox 1045 2642 1076 2696; x_wconf 90' lang='grc'><strong>44</strong></span> <span class='ocrx_word' id='word_1_137' title='bbox 1094 2652 1133 2695; x_wconf 86' lang='lat' dir='ltr'><strong>ex</strong></span> <span class='ocrx_word' id='word_1_138' title='bbox 1154 2637 1261 2696; x_wconf 89' lang='lat' dir='ltr'><strong>litteris</strong></span> <span class='ocrx_word' id='word_1_139' title='bbox 1283 2634 1493 2711; x_wconf 88' lang='lat' dir='ltr'><strong>archiepiscopi</strong></span> <span class='ocrx_word' id='word_1_140' title='bbox 1515 2635 1693 2709; x_wconf 86' lang='lat' dir='ltr'><strong>Bremensis‚</strong></span> <span class='ocrx_word' id='word_1_141' title='bbox 1717 2634 1913 2713; x_wconf 85' lang='lat' dir='ltr'><strong>burgensibus</strong></span> 
     </span>
    </p>

    <p class='ocr_par' dir='ltr' id='par_1_16' title="bbox 921 2730 1913 2807">
     <span class='ocr_line' id='line_1_21' title="bbox 921 2730 1913 2807; baseline 0.002 -15"><span class='ocrx_word' id='word_1_142' title='bbox 921 2732 1114 2793; x_wconf 83' lang='lat' dir='ltr'><strong>Studenslbus</strong></span> <span class='ocrx_word' id='word_1_143' title='bbox 1138 2734 1357 2793; x_wconf 89' lang='lat' dir='ltr'><strong>immunitatem</strong></span> <span class='ocrx_word' id='word_1_144' title='bbox 1378 2731 1507 2791; x_wconf 89' lang='lat' dir='ltr'><strong>thelonei</strong></span> <span class='ocrx_word' id='word_1_145' title='bbox 1529 2748 1580 2807; x_wconf 90' lang='lat' dir='ltr'><strong>per</strong></span> <span class='ocrx_word' id='word_1_146' title='bbox 1606 2736 1700 2791; x_wconf 89' lang='lat' dir='ltr'><strong>totam</strong></span> <span class='ocrx_word' id='word_1_147' title='bbox 1724 2730 1913 2794; x_wconf 90' lang='lat' dir='ltr'><strong>Bremensem</strong></span> 
     </span>
    </p>

    <p class='ocr_par' dir='ltr' id='par_1_17' title="bbox 921 2829 1913 2899">
     <span class='ocr_line' id='line_1_22' title="bbox 921 2829 1913 2899; baseline 0.003 -11"><span class='ocrx_word' id='word_1_148' title='bbox 921 2830 1076 2890; x_wconf 84' lang='lat' dir='ltr'><strong>dioecesim</strong></span> <span class='ocrx_word' id='word_1_149' title='bbox 1089 2829 1225 2891; x_wconf 86' lang='lat' dir='ltr'><strong>concedit</strong></span> <span class='ocrx_word' id='word_1_150' title='bbox 1236 2830 1274 2889; x_wconf 89' lang='lat' dir='ltr'><strong>de</strong></span> <span class='ocrx_word' id='word_1_151' title='bbox 1287 2830 1374 2890; x_wconf 89' lang='lat' dir='ltr'><strong>rebus</strong></span> <span class='ocrx_word' id='word_1_152' title='bbox 1387 2845 1489 2890; x_wconf 91' lang='lat' dir='ltr'><strong>eorum</strong></span> <span class='ocrx_word' id='word_1_153' title='bbox 1502 2834 1533 2889; x_wconf 89' lang='lat' dir='ltr'><strong>et</strong></span> <span class='ocrx_word' id='word_1_154' title='bbox 1545 2829 1754 2899; x_wconf 82' lang='lat' dir='ltr'><strong>mercimoniis,</strong></span> <span class='ocrx_word' id='word_1_155' title='bbox 1768 2830 1801 2888; x_wconf 94' lang='lat' dir='ltr'><strong>in</strong></span> <span class='ocrx_word' id='word_1_156' title='bbox 1815 2830 1913 2891; x_wconf 84' lang='lat' dir='ltr'><strong>eundo</strong></span> 
     </span>
    </p>

    <p class='ocr_par' dir='ltr' id='par_1_18' title="bbox 921 2926 1910 2999">
     <span class='ocr_line' id='line_1_23' title="bbox 921 2926 1910 2999; baseline 0 -13"><span class='ocrx_word' id='word_1_157' title='bbox 921 2926 1124 2986; x_wconf 86' lang='lat' dir='ltr'><strong>ctredenudo.</strong></span> <span class='ocrx_word' id='word_1_158' title='bbox 1764 2932 1836 2999; x_wconf 85' lang='grc'><strong>424,</strong></span> <span class='ocrx_word' id='word_1_159' title='bbox 1852 2935 1910 2987; x_wconf 85' lang='grc'><strong>440</strong></span> 
     </span>
    </p>

    <p class='ocr_par' dir='ltr' id='par_1_19' title="bbox 500 3020 1911 3199">
     <span class='ocr_line' id='line_1_24' title="bbox 500 3020 1910 3101; baseline 0.004 -22"><span class='ocrx_word' id='word_1_160' title='bbox 500 3020 632 3097; x_wconf 75' lang='grc'><strong>4444411.</strong></span> <span class='ocrx_word' id='word_1_161' title='bbox 675 3024 838 3088; x_wconf 88' lang='grc'><strong>114444444.</strong></span> <span class='ocrx_word' id='word_1_162' title='bbox 881 3053 921 3067; x_wconf 89' lang='grc'>-</span> <span class='ocrx_word' id='word_1_163' title='bbox 941 3022 1083 3100; x_wconf 81' lang='lat' dir='ltr'><strong>Gregorio</strong></span> <span class='ocrx_word' id='word_1_164' title='bbox 1103 3038 1198 3101; x_wconf 88' lang='lat' dir='ltr'><strong>pspse</strong></span> <span class='ocrx_word' id='word_1_165' title='bbox 1218 3024 1336 3084; x_wconf 88' lang='lat' dir='ltr'><strong>nuntiat</strong></span> <span class='ocrx_word' id='word_1_166' title='bbox 1349 3038 1380 3083; x_wconf 88' lang='grc'><strong>44</strong></span> <span class='ocrx_word' id='word_1_167' title='bbox 1392 3028 1495 3083; x_wconf 87' lang='lat' dir='ltr'><strong>contra</strong></span> <span class='ocrx_word' id='word_1_168' title='bbox 1516 3021 1680 3083; x_wconf 85' lang='lat' dir='ltr'><strong>haereticos</strong></span> <span class='ocrx_word' id='word_1_169' title='bbox 1692 3024 1775 3100; x_wconf 82' lang='lat' dir='ltr'><strong>regni</strong></span> <span class='ocrx_word' id='word_1_170' title='bbox 1788 3024 1834 3083; x_wconf 91' lang='lat' dir='ltr'><strong>sul</strong></span> <span class='ocrx_word' id='word_1_171' title='bbox 1848 3040 1910 3085; x_wconf 89' lang='lat' dir='ltr'><strong>ma·</strong></span> 
     </span>
     <span class='ocr_line' id='line_1_25' title="bbox 920 3119 1911 3199; baseline 0.004 -20"><span class='ocrx_word' id='word_1_172' title='bbox 920 3119 1027 3181; x_wconf 83' lang='lat' dir='ltr'><strong>nlieste</strong></span> <span class='ocrx_word' id='word_1_173' title='bbox 1043 3123 1191 3181; x_wconf 83' lang='lat' dir='ltr'><strong>convictos</strong></span> <span class='ocrx_word' id='word_1_174' title='bbox 1206 3137 1332 3199; x_wconf 91' lang='lat' dir='ltr'><strong>poenam</strong></span> <span class='ocrx_word' id='word_1_175' title='bbox 1350 3120 1477 3181; x_wconf 89' lang='lat' dir='ltr'><strong>incendii</strong></span> <span class='ocrx_word' id='word_1_176' title='bbox 1494 3120 1659 3181; x_wconf 87' lang='grc'><strong>(1444441444</strong></span> <span class='ocrx_word' id='word_1_177' title='bbox 1671 3125 1702 3179; x_wconf 89' lang='grc'><strong>44</strong></span> <span class='ocrx_word' id='word_1_178' title='bbox 1715 3119 1911 3199; x_wconf 77' lang='grc'><strong>4411144144-</strong></span> 
     </span>
    </p>

    <p class='ocr_par' dir='ltr' id='par_1_20' title="bbox 919 3214 1910 3293">
     <span class='ocr_line' id='line_1_26' title="bbox 919 3214 1910 3293; baseline 0.004 -20"><span class='ocrx_word' id='word_1_179' title='bbox 919 3216 1033 3275; x_wconf 87' lang='lat' dir='ltr'><strong>ticinrio</strong></span> <span class='ocrx_word' id='word_1_180' title='bbox 1046 3215 1201 3276; x_wconf 83' lang='lat' dir='ltr'><strong>mandasse</strong></span> <span class='ocrx_word' id='word_1_181' title='bbox 1212 3222 1247 3276; x_wconf 90' lang='lat' dir='ltr'><strong>ut</strong></span> <span class='ocrx_word' id='word_1_182' title='bbox 1265 3232 1334 3276; x_wconf 86' lang='grc'><strong>444</strong></span> <span class='ocrx_word' id='word_1_183' title='bbox 1357 3232 1419 3275; x_wconf 94' lang='lat' dir='ltr'><strong>uno</strong></span> <span class='ocrx_word' id='word_1_184' title='bbox 1441 3214 1570 3291; x_wconf 85' lang='lat' dir='ltr'><strong>praelato</strong></span> <span class='ocrx_word' id='word_1_185' title='bbox 1595 3214 1632 3275; x_wconf 90' lang='grc'><strong>(14</strong></span> <span class='ocrx_word' id='word_1_186' title='bbox 1655 3220 1734 3275; x_wconf 88' lang='lat' dir='ltr'><strong>statu</strong></span> <span class='ocrx_word' id='word_1_187' title='bbox 1755 3217 1910 3293; x_wconf 80' lang='lat' dir='ltr'><strong>regionum</strong></span> 
     </span>
    </p>

    <p class='ocr_par' dir='ltr' id='par_1_21' title="bbox 921 3312 1909 3390">
     <span class='ocr_line' id='line_1_27' title="bbox 921 3312 1909 3390; baseline 0.002 -18"><span class='ocrx_word' id='word_1_188' title='bbox 921 3312 1305 3390; x_wconf 84' lang='lat' dir='ltr'><strong>superboolnqulrat,etc</strong></span> <span class='ocrx_word' id='word_1_189' title='bbox 1851 3324 1909 3375; x_wconf 81' lang='grc'><strong>444</strong></span> 
     </span>
    </p>

    <p class='ocr_par' dir='ltr' id='par_1_22' title="bbox 516 3392 1911 3584">
     <span class='ocr_line' id='line_1_28' title="bbox 516 3392 1910 3487; baseline 0.001 -19"><span class='ocrx_word' id='word_1_190' title='bbox 516 3408 614 3484; x_wconf 77' lang='lat' dir='ltr'><strong>lunio.</strong></span> <span class='ocrx_word' id='word_1_191' title='bbox 675 3409 841 3475; x_wconf 85' lang='lat' dir='ltr'><strong>Messanae.</strong></span> <span class='ocrx_word' id='word_1_192' title='bbox 882 3441 922 3454; x_wconf 93' lang='lat'><em>-</em></span> <span class='ocrx_word' id='word_1_193' title='bbox 940 3392 1299 3487; x_wconf 72' lang='lat' dir='ltr'><strong>Berurrloarch&#39;iepiscopo</strong></span> <span class='ocrx_word' id='word_1_194' title='bbox 1311 3416 1341 3469; x_wconf 89' lang='lat' dir='ltr'><strong>et</strong></span> <span class='ocrx_word' id='word_1_195' title='bbox 1356 3410 1493 3470; x_wconf 86' lang='lat' dir='ltr'><strong>ecclesiae</strong></span> <span class='ocrx_word' id='word_1_196' title='bbox 1506 3410 1732 3469; x_wconf 87' lang='lat' dir='ltr'><strong>Panormitanae</strong></span> <span class='ocrx_word' id='word_1_197' title='bbox 1744 3410 1775 3468; x_wconf 92' lang='lat' dir='ltr'><strong>ln</strong></span> <span class='ocrx_word' id='word_1_198' title='bbox 1789 3426 1910 3470; x_wconf 85' lang='lat' dir='ltr'><strong>excam-</strong></span> 
     </span>
     <span class='ocr_line' id='line_1_29' title="bbox 921 3505 1911 3584; baseline 0.002 -19"><span class='ocrx_word' id='word_1_199' title='bbox 921 3505 1005 3566; x_wconf 92' lang='lat' dir='ltr'><strong>bium</strong></span> <span class='ocrx_word' id='word_1_200' title='bbox 1028 3506 1136 3567; x_wconf 87' lang='lat' dir='ltr'><strong>domus</strong></span> <span class='ocrx_word' id='word_1_201' title='bbox 1157 3508 1237 3584; x_wconf 83' lang='lat' dir='ltr'><strong>apud</strong></span> <span class='ocrx_word' id='word_1_202' title='bbox 1261 3508 1427 3568; x_wconf 79' lang='lat' dir='ltr'><strong>Messanam</strong></span> <span class='ocrx_word' id='word_1_203' title='bbox 1448 3506 1486 3567; x_wconf 87' lang='lat' dir='ltr'><strong>ab</strong></span> <span class='ocrx_word' id='word_1_204' title='bbox 1506 3508 1549 3567; x_wconf 90' lang='lat' dir='ltr'><strong>eis</strong></span> <span class='ocrx_word' id='word_1_205' title='bbox 1568 3512 1701 3582; x_wconf 85' lang='lat' dir='ltr'><strong>receptae</strong></span> <span class='ocrx_word' id='word_1_206' title='bbox 1725 3506 1859 3565; x_wconf 85' lang='lat' dir='ltr'><strong>concedit</strong></span> <span class='ocrx_word' id='word_1_207' title='bbox 1881 3515 1911 3567; x_wconf 90' lang='lat' dir='ltr'><strong>et</strong></span> 
     </span>
    </p>

    <p class='ocr_par' dir='ltr' id='par_1_23' title="bbox 921 3602 1910 3681">
     <span class='ocr_line' id='line_1_30' title="bbox 921 3602 1910 3681; baseline 0.001 -18"><span class='ocrx_word' id='word_1_208' title='bbox 921 3603 1013 3663; x_wconf 87' lang='lat' dir='ltr'><strong>donat</strong></span> <span class='ocrx_word' id='word_1_209' title='bbox 1026 3606 1143 3664; x_wconf 90' lang='lat' dir='ltr'><strong>vineam</strong></span> <span class='ocrx_word' id='word_1_210' title='bbox 1165 3602 1202 3665; x_wconf 87' lang='grc'><strong>(14</strong></span> <span class='ocrx_word' id='word_1_211' title='bbox 1225 3604 1381 3665; x_wconf 86' lang='lat' dir='ltr'><strong>Comitaria</strong></span> <span class='ocrx_word' id='word_1_212' title='bbox 1401 3606 1434 3664; x_wconf 90' lang='lat' dir='ltr'><strong>ln</strong></span> <span class='ocrx_word' id='word_1_213' title='bbox 1452 3604 1588 3663; x_wconf 81' lang='lat' dir='ltr'><strong>ilumeris</strong></span> <span class='ocrx_word' id='word_1_214' title='bbox 1605 3604 1642 3663; x_wconf 89' lang='lat' dir='ltr'><strong>de</strong></span> <span class='ocrx_word' id='word_1_215' title='bbox 1659 3602 1804 3675; x_wconf 83' lang='lat' dir='ltr'><strong>Comanis,</strong></span> <span class='ocrx_word' id='word_1_216' title='bbox 1820 3620 1910 3681; x_wconf 88' lang='lat' dir='ltr'><strong>quam</strong></span> 
     </span>
    </p>

    <p class='ocr_par' dir='ltr' id='par_1_24' title="bbox 921 3698 1910 3778">
     <span class='ocr_line' id='line_1_31' title="bbox 921 3698 1910 3778; baseline 0.002 -17"><span class='ocrx_word' id='word_1_217' title='bbox 921 3698 993 3761; x_wconf 88' lang='lat' dir='ltr'><strong>olim</strong></span> <span class='ocrx_word' id='word_1_218' title='bbox 1006 3700 1197 3761; x_wconf 87' lang='lat' dir='ltr'><strong>Temonarins</strong></span> <span class='ocrx_word' id='word_1_219' title='bbox 1208 3702 1340 3778; x_wconf 88' lang='lat' dir='ltr'><strong>proditor</strong></span> <span class='ocrx_word' id='word_1_220' title='bbox 1352 3719 1425 3763; x_wconf 90' lang='lat' dir='ltr'><strong>suus</strong></span> <span class='ocrx_word' id='word_1_221' title='bbox 1437 3704 1544 3761; x_wconf 89' lang='lat' dir='ltr'><strong>tenuit.</strong></span> <span class='ocrx_word' id='word_1_222' title='bbox 1852 3710 1910 3763; x_wconf 85' lang='grc'><strong>446</strong></span> 
     </span>
    </p>

    <p class='ocr_par' dir='ltr' id='par_1_25' title="bbox 519 3788 1912 3975">
     <span class='ocr_line' id='line_1_32' title="bbox 519 3788 1910 3875; baseline -0.001 -12"><span class='ocrx_word' id='word_1_223' title='bbox 519 3788 613 3862; x_wconf 82' lang='lat' dir='ltr'><strong>lanto.</strong></span> <span class='ocrx_word' id='word_1_224' title='bbox 688 3796 828 3860; x_wconf 77' lang='grc'><strong>(1444444.</strong></span> <span class='ocrx_word' id='word_1_225' title='bbox 882 3830 924 3843; x_wconf 94' lang='grc'>-</span> <span class='ocrx_word' id='word_1_226' title='bbox 941 3798 1093 3860; x_wconf 83' lang='lat' dir='ltr'><strong>Macharta</strong></span> <span class='ocrx_word' id='word_1_227' title='bbox 1110 3800 1245 3859; x_wconf 87' lang='lat' dir='ltr'><strong>electoet</strong></span> <span class='ocrx_word' id='word_1_228' title='bbox 1258 3802 1415 3860; x_wconf 85' lang='lat' dir='ltr'><strong>conventui</strong></span> <span class='ocrx_word' id='word_1_229' title='bbox 1436 3800 1537 3861; x_wconf 88' lang='lat' dir='ltr'><strong>Sancti</strong></span> <span class='ocrx_word' id='word_1_230' title='bbox 1557 3798 1716 3860; x_wconf 83' lang='lat' dir='ltr'><strong>Salvatoris</strong></span> <span class='ocrx_word' id='word_1_231' title='bbox 1736 3799 1816 3875; x_wconf 85' lang='lat' dir='ltr'><strong>apud</strong></span> <span class='ocrx_word' id='word_1_232' title='bbox 1829 3800 1910 3863; x_wconf 89' lang='grc' dir='ltr'><strong>Μ44-</strong></span> 
     </span>
     <span class='ocr_line' id='line_1_33' title="bbox 923 3896 1912 3975; baseline 0.003 -18"><span class='ocrx_word' id='word_1_233' title='bbox 923 3912 1026 3957; x_wconf 87' lang='lat' dir='ltr'><strong>sanam</strong></span> <span class='ocrx_word' id='word_1_234' title='bbox 1039 3899 1140 3957; x_wconf 90' lang='lat' dir='ltr'><strong>omnia</strong></span> <span class='ocrx_word' id='word_1_235' title='bbox 1153 3897 1306 3975; x_wconf 79' lang='lat' dir='ltr'><strong>privilegia</strong></span> <span class='ocrx_word' id='word_1_236' title='bbox 1326 3914 1345 3958; x_wconf 90' lang='lat' dir='ltr'><strong>a</strong></span> <span class='ocrx_word' id='word_1_237' title='bbox 1366 3896 1636 3974; x_wconf 84' lang='lat' dir='ltr'><strong>praedecessoribus</strong></span> <span class='ocrx_word' id='word_1_238' title='bbox 1655 3898 1716 3957; x_wconf 90' lang='lat' dir='ltr'><strong>suis</strong></span> <span class='ocrx_word' id='word_1_239' title='bbox 1734 3898 1829 3959; x_wconf 86' lang='lat' dir='ltr'><strong>eldam</strong></span> <span class='ocrx_word' id='word_1_240' title='bbox 1846 3916 1912 3960; x_wconf 90' lang='lat' dir='ltr'><strong>mo-</strong></span> 
     </span>
    </p>

    <p class='ocr_par' dir='ltr' id='par_1_26' title="bbox 922 3993 1911 4058">
     <span class='ocr_line' id='line_1_34' title="bbox 922 3993 1911 4058; baseline 0.004 -5"><span class='ocrx_word' id='word_1_241' title='bbox 922 3996 1051 4055; x_wconf 82' lang='grc'><strong>44444414</strong></span> <span class='ocrx_word' id='word_1_242' title='bbox 1061 3994 1179 4054; x_wconf 86' lang='lat' dir='ltr'><strong>indulta</strong></span> <span class='ocrx_word' id='word_1_243' title='bbox 1190 3993 1357 4055; x_wconf 83' lang='lat' dir='ltr'><strong>confirmat.</strong></span> <span class='ocrx_word' id='word_1_244' title='bbox 1853 4004 1911 4058; x_wconf 86' lang='grc'><strong>444</strong></span> 
     </span>
    </p>

    <p class='ocr_par' dir='ltr' id='par_1_27' title="bbox 508 4079 1913 4265">
     <span class='ocr_line' id='line_1_35' title="bbox 508 4079 1913 4167; baseline 0.003 -17"><span class='ocrx_word' id='word_1_245' title='bbox 508 4079 632 4156; x_wconf 75' lang='grc' dir='ltr'><strong>12111Ιῆ</strong></span> <span class='ocrx_word' id='word_1_246' title='bbox 674 4088 840 4166; x_wconf 82' lang='lat' dir='ltr'><strong>Syracusis.</strong></span> <span class='ocrx_word' id='word_1_247' title='bbox 882 4119 923 4135; x_wconf 88' lang='lat'><strong>·-</strong></span> <span class='ocrx_word' id='word_1_248' title='bbox 942 4088 1051 4149; x_wconf 88' lang='lat' dir='ltr'><strong>Scribit</strong></span> <span class='ocrx_word' id='word_1_249' title='bbox 1062 4105 1156 4167; x_wconf 89' lang='lat' dir='ltr'><strong>papas</strong></span> <span class='ocrx_word' id='word_1_250' title='bbox 1168 4089 1206 4149; x_wconf 91' lang='grc'><strong>(14</strong></span> <span class='ocrx_word' id='word_1_251' title='bbox 1215 4092 1474 4167; x_wconf 86' lang='lat' dir='ltr'><strong>compromissione</strong></span> <span class='ocrx_word' id='word_1_252' title='bbox 1487 4105 1576 4166; x_wconf 93' lang='lat' dir='ltr'><strong>super</strong></span> <span class='ocrx_word' id='word_1_253' title='bbox 1588 4091 1706 4167; x_wconf 77' lang='lat' dir='ltr'><strong>negotio</strong></span> <span class='ocrx_word' id='word_1_254' title='bbox 1719 4090 1913 4155; x_wconf 87' lang='lat' dir='ltr'><strong>Lombardlae</strong></span> 
     </span>
     <span class='ocr_line' id='line_1_36' title="bbox 922 4186 1912 4265; baseline 0.006 -19"><span class='ocrx_word' id='word_1_255' title='bbox 922 4186 1004 4265; x_wconf 85' lang='lat' dir='ltr'><strong>quod</strong></span> <span class='ocrx_word' id='word_1_256' title='bbox 1017 4202 1087 4247; x_wconf 90' lang='lat' dir='ltr'><strong>cam</strong></span> <span class='ocrx_word' id='word_1_257' title='bbox 1098 4188 1213 4248; x_wconf 86' lang='grc'><strong>11444444</strong></span> <span class='ocrx_word' id='word_1_258' title='bbox 1226 4202 1297 4248; x_wconf 86' lang='lat' dir='ltr'><strong>suae</strong></span> <span class='ocrx_word' id='word_1_259' title='bbox 1309 4192 1441 4264; x_wconf 88' lang='lat' dir='ltr'><strong>patentes</strong></span> <span class='ocrx_word' id='word_1_260' title='bbox 1460 4202 1516 4247; x_wconf 86' lang='lat' dir='ltr'><strong>neo</strong></span> <span class='ocrx_word' id='word_1_261' title='bbox 1532 4202 1592 4247; x_wconf 92' lang='lat' dir='ltr'><strong>non</strong></span> <span class='ocrx_word' id='word_1_262' title='bbox 1614 4192 1644 4247; x_wconf 88' lang='lat' dir='ltr'><strong>et</strong></span> <span class='ocrx_word' id='word_1_263' title='bbox 1665 4188 1742 4264; x_wconf 86' lang='lat' dir='ltr'><strong>regis</strong></span> <span class='ocrx_word' id='word_1_264' title='bbox 1765 4186 1819 4248; x_wconf 86' lang='lat' dir='ltr'><strong>filli</strong></span> <span class='ocrx_word' id='word_1_265' title='bbox 1833 4194 1912 4252; x_wconf 90' lang='lat' dir='ltr'><strong>sula</strong></span> 
     </span>
    </p>

    <p class='ocr_par' dir='ltr' id='par_1_28' title="bbox 922 4282 1913 4364">
     <span class='ocr_line' id='line_1_37' title="bbox 922 4282 1913 4364; baseline 0.003 -19"><span class='ocrx_word' id='word_1_266' title='bbox 922 4282 999 4345; x_wconf 84' lang='lat' dir='ltr'><strong>Sede</strong></span> <span class='ocrx_word' id='word_1_267' title='bbox 1022 4284 1189 4360; x_wconf 81' lang='lat' dir='ltr'><strong>Apostolioa</strong></span> <span class='ocrx_word' id='word_1_268' title='bbox 1211 4287 1409 4362; x_wconf 85' lang='lat' dir='ltr'><strong>requirantur,</strong></span> <span class='ocrx_word' id='word_1_269' title='bbox 1433 4299 1607 4361; x_wconf 88' lang='lat' dir='ltr'><strong>responsum</strong></span> <span class='ocrx_word' id='word_1_270' title='bbox 1628 4282 1749 4345; x_wconf 87' lang='grc'><strong>(11114444</strong></span> <span class='ocrx_word' id='word_1_271' title='bbox 1775 4291 1913 4364; x_wconf 85' lang='lat' dir='ltr'><strong>proponit</strong></span> 
     </span>
    </p>

    <p class='ocr_par' dir='ltr' id='par_1_29' title="bbox 921 4380 1908 4459">
     <span class='ocr_line' id='line_1_38' title="bbox 921 4380 1908 4459; baseline 0.006 -20"><span class='ocrx_word' id='word_1_272' title='bbox 921 4395 1016 4457; x_wconf 88' lang='lat' dir='ltr'><strong>usque</strong></span> <span class='ocrx_word' id='word_1_273' title='bbox 1029 4380 1068 4440; x_wconf 86' lang='lat' dir='ltr'><strong>ad</strong></span> <span class='ocrx_word' id='word_1_274' title='bbox 1081 4380 1208 4441; x_wconf 83' lang='lat' dir='ltr'><strong>raditum</strong></span> <span class='ocrx_word' id='word_1_275' title='bbox 1222 4383 1355 4459; x_wconf 82' lang='lat' dir='ltr'><strong>magistri</strong></span> <span class='ocrx_word' id='word_1_276' title='bbox 1368 4381 1475 4441; x_wconf 83' lang='lat' dir='ltr'><strong>(lomus</strong></span> <span class='ocrx_word' id='word_1_277' title='bbox 1488 4380 1744 4441; x_wconf 80' lang='lat' dir='ltr'><strong>Theutonioorunn</strong></span> <span class='ocrx_word' id='word_1_278' title='bbox 1852 4393 1908 4445; x_wconf 85' lang='grc'><strong>444</strong></span> 
     </span>
    </p>

    <p class='ocr_par' dir='ltr' id='par_1_30' title="bbox 508 4468 1911 4655">
     <span class='ocr_line' id='line_1_39' title="bbox 508 4468 1911 4561; baseline 0.009 -30"><span class='ocrx_word' id='word_1_279' title='bbox 508 4468 632 4546; x_wconf 76' lang='grc'><strong>1214111.</strong></span> <span class='ocrx_word' id='word_1_280' title='bbox 674 4474 840 4553; x_wconf 79' lang='lat' dir='ltr'><strong>symensis.</strong></span> <span class='ocrx_word' id='word_1_281' title='bbox 882 4505 923 4521; x_wconf 94' lang='lat'><em>-</em></span> <span class='ocrx_word' id='word_1_282' title='bbox 942 4475 1023 4549; x_wconf 79' lang='lat' dir='ltr'><strong>outo</strong></span> <span class='ocrx_word' id='word_1_283' title='bbox 1047 4476 1085 4536; x_wconf 89' lang='grc'><strong>(14</strong></span> <span class='ocrx_word' id='word_1_284' title='bbox 1109 4478 1211 4538; x_wconf 86' lang='lat' dir='ltr'><strong>eadem</strong></span> <span class='ocrx_word' id='word_1_285' title='bbox 1238 4479 1495 4553; x_wconf 90' lang='lat' dir='ltr'><strong>compromissione</strong></span> <span class='ocrx_word' id='word_1_286' title='bbox 1514 4492 1606 4553; x_wconf 87' lang='lat' dir='ltr'><strong>papae</strong></span> <span class='ocrx_word' id='word_1_287' title='bbox 1628 4478 1809 4554; x_wconf 76' lang='lat' dir='ltr'><strong>responderit</strong></span> <span class='ocrx_word' id='word_1_288' title='bbox 1830 4482 1911 4561; x_wconf 80' lang='lat' dir='ltr'><strong>Ray·</strong></span> 
     </span>
     <span class='ocr_line' id='line_1_40' title="bbox 921 4573 1911 4655; baseline 0.007 -22"><span class='ocrx_word' id='word_1_289' title='bbox 921 4573 1012 4633; x_wconf 88' lang='grc'><strong>441414</strong></span> <span class='ocrx_word' id='word_1_290' title='bbox 1032 4574 1160 4635; x_wconf 88' lang='lat' dir='ltr'><strong>Ostiensi</strong></span> <span class='ocrx_word' id='word_1_291' title='bbox 1175 4581 1205 4635; x_wconf 87' lang='lat' dir='ltr'><strong>et</strong></span> <span class='ocrx_word' id='word_1_292' title='bbox 1219 4576 1390 4637; x_wconf 86' lang='lat' dir='ltr'><strong>Velletrensi</strong></span> <span class='ocrx_word' id='word_1_293' title='bbox 1404 4576 1540 4652; x_wconf 88' lang='lat' dir='ltr'><strong>episcopo</strong></span> <span class='ocrx_word' id='word_1_294' title='bbox 1554 4577 1687 4653; x_wconf 88' lang='lat' dir='ltr'><strong>nuntiat,</strong></span> <span class='ocrx_word' id='word_1_295' title='bbox 1708 4582 1738 4635; x_wconf 90' lang='lat' dir='ltr'><strong>et</strong></span> <span class='ocrx_word' id='word_1_296' title='bbox 1756 4583 1911 4655; x_wconf 91' lang='lat' dir='ltr'><strong>conqueri·</strong></span> 
     </span>
    </p>

    <p class='ocr_par' dir='ltr' id='par_1_31' title="bbox 922 4670 1913 4751">
     <span class='ocr_line' id='line_1_41' title="bbox 922 4670 1913 4751; baseline 0.006 -19"><span class='ocrx_word' id='word_1_297' title='bbox 922 4678 972 4731; x_wconf 90' lang='lat' dir='ltr'><strong>tur</strong></span> <span class='ocrx_word' id='word_1_298' title='bbox 983 4672 1064 4748; x_wconf 84' lang='lat' dir='ltr'><strong>quod</strong></span> <span class='ocrx_word' id='word_1_299' title='bbox 1076 4676 1187 4733; x_wconf 90' lang='lat' dir='ltr'><strong>nonsit</strong></span> <span class='ocrx_word' id='word_1_300' title='bbox 1200 4672 1237 4733; x_wconf 90' lang='grc'><strong>(14</strong></span> <span class='ocrx_word' id='word_1_301' title='bbox 1250 4674 1365 4751; x_wconf 78' lang='lat' dir='ltr'><strong>injuriis</strong></span> <span class='ocrx_word' id='word_1_302' title='bbox 1374 4674 1497 4751; x_wconf 89' lang='lat' dir='ltr'><strong>imperio</strong></span> <span class='ocrx_word' id='word_1_303' title='bbox 1509 4670 1598 4733; x_wconf 78' lang='grc'><strong>111444</strong></span> <span class='ocrx_word' id='word_1_304' title='bbox 1610 4687 1740 4751; x_wconf 84' lang='lat' dir='ltr'><strong>congrua</strong></span> <span class='ocrx_word' id='word_1_305' title='bbox 1752 4675 1913 4739; x_wconf 80' lang='grc'><strong>4414144414</strong></span> 
     </span>
    </p>

    <p class='ocr_par' dir='ltr' id='par_1_32' title="bbox 923 4766 1911 4835">
     <span class='ocr_line' id='line_1_42' title="bbox 923 4766 1911 4835; baseline 0.007 -7"><span class='ocrx_word' id='word_1_306' title='bbox 923 4766 1092 4831; x_wconf 89' lang='lat' dir='ltr'><strong>subsecuta.</strong></span> <span class='ocrx_word' id='word_1_307' title='bbox 1853 4784 1911 4835; x_wconf 94' lang='grc'><strong>442</strong></span> 
     </span>
    </p>

    <p class='ocr_par' dir='ltr' id='par_1_33' title="bbox 580 4864 1752 4939">
     <span class='ocr_line' id='line_1_43' title="bbox 580 4864 1752 4939; baseline 0.009 -10"><span class='ocrx_word' id='word_1_308' title='bbox 580 4864 624 4927; x_wconf 82' lang='lat' dir='ltr'><strong>IV</strong></span> <span class='ocrx_word' id='word_1_309' title='bbox 626 4908 636 4930; x_wconf 80' lang='grc'><strong>.</strong></span> <span class='ocrx_word' id='word_1_310' title='bbox 656 4883 722 4931; x_wconf 79' lang='lat' dir='ltr'><strong>Pars.</strong></span> <span class='ocrx_word' id='word_1_311' title='bbox 736 4888 759 4931; x_wconf 81' lang='grc'><strong>2.</strong></span> <span class='ocrx_word' id='word_1_312' title='bbox 1698 4886 1752 4939; x_wconf 80' lang='lat'><strong>12²</strong></span> 
     </span>
    </p>
   </div>
   <div class='ocr_carea' id='block_1_4' title="bbox 0 0 2441 6356">
    <p class='ocr_par' dir='ltr' id='par_1_34' title="bbox 0 0 2441 6356">
     <span class='ocr_line' id='line_1_44' title="bbox 0 0 2441 6356; baseline 0 0"><span class='ocrx_word' id='word_1_313' title='bbox 0 0 2441 6356; x_wconf 95' lang='lat' dir='ltr'><strong> </strong></span> 
     </span>
    </p>
   </div>
  </div>
 </body>
</html>
