4859 6359
451 775 548 835 lrnrrr.
564 768 609 855 e]
903 766 1098 831 HISTORIA
1123 766 1417 831 otraouartctt.
1798 761 1856 827 891

452 907 535 997 rati,
556 906 653 979 solra
667 905 704 975 in
721 902 883 977 omnibus
905 910 1022 975 nostra
1035 902 1227 976 reverentia
1247 911 1283 975 et
1300 902 1517 989 auctoritate,
1536 906 1729 973 reverenter
1743 897 1860 973 obser-

451 1030 541 1103 vetis
555 1028 685 1101 eisdem
704 1026 854 1113 civibus,
875 1034 915 1097 ut
931 1027 1084 1100 favorem
1102 1034 1217 1099 nostre
1233 1026 1341 1119 gratio
1359 1026 1426 1099 sibi
1443 1023 1565 1099 adesse
1581 1024 1729 1097 sentiant
1742 1032 1778 1097 et
1794 1044 1858 1096 ros

451 1152 588 1248 possitis
602 1172 664 1247 per
682 1150 748 1223 hoc
764 1159 918 1223 anostra
934 1148 1138 1223 celsitudine
1152 1149 1397 1224 commendari.

499 1278 624 1348 Datum
641 1273 737 1370 apud
753 1272 958 1367 Augustam,
978 1272 1113 1347 decima
1131 1273 1229 1346 tertia
1241 1272 1331 1365 julii,
1352 1293 1444 1346 nona
1458 1269 1658 1343 indictione.

665 1614 1645 1632 m—-t—-u———ae——n——n-——un--n—-a———ffl

503 1936 735 2043 luder-icus,
765 1936 1025 2020 Romanorum
1055 1931 1280 2043 imperator,
1310 1932 1504 2043 generales
1535 1933 1726 2016 nundinas
1753 1934 1854 2042 apud

448 2069 600 2155 Lubeclr
619 2070 729 2152 annis
756 2066 917 2179 singulis
936 2094 960 2149 a
977 2066 1074 2149 festo
1095 2066 1331 2149 Pentecostes
1353 2091 1475 2175 usque
1498 2067 1548 2151 ad
1569 2066 1709 2149 festum
1736 2064 1855 2148 sancti

343 2216 347 2224 ’
448 2201 576 2285 larobi
591 2200 836 2285 celebrandas
855 2199 1000 2307 statuit,
1020 2198 1273 2307 omnibusque
1290 2196 1465 2280 fidelibus
1488 2198 1646 2281 mandat
1663 2208 1707 2281 ut
1723 2198 1773 2280 ad
1792 2222 1856 2281 eas

449 2334 523 2417 sub
540 2358 612 2417 sua
628 2343 666 2416 et
682 2332 830 2442 imperii
848 2332 1047 2415 securitate
1062 2332 1230 2415 veniant.

528 2568 623 2648 (mit.
638 2586 687 2647 ap.
704 2566 776 2632 cod.
791 2565 941 2648 diplomat.
955 2564 1205 2644 Lubcc.,purs1⁸,
1220 2582 1249 2645 p.
1264 2574 1314 2645 eu,
1328 2574 1362 2626 n⁰
1375 2566 1509 2639 LXXVI,
1522 2582 1559 2627 ex
1572 2566 1646 2628 lllrro
1658 2566 1763 2645 coptall
1773 2566 1852 2627 dicto

565 2672 601 2736 dc
613 2672 791 2755 werec,
805 2673 858 2736 tot.
876 2671 938 2751 aa.)

495 2884 715 2977 fredericus,
733 2886 795 2959 Dei
816 2886 925 2979 gratia
940 2886 1172 2959 Romanorum
1196 2885 1380 2980 imperator
1398 2906 1532 2979 semper
1550 2894 1736 2977 augustus,
1755 2886 1851 2958 leru-

446 3011 552 3086 salem
581 3021 616 3083 et
641 3010 755 3083 Sicilie
781 3032 863 3103 rex,
882 3010 1054 3083 universis
1072 3019 1141 3083 tum
1164 3008 1326 3084 fidelibus
1348 3030 1454 3104 quam
1474 3009 1594 3081 amicis
1619 3008 1753 3104 imperii
1772 3029 1847 3103 pre·

446 3144 559 3211 sentm
581 3135 711 3207 litteras
732 3134 939 3229 inspecturis
961 3132 1121 3207 fidelihus
1143 3134 1216 3207 suis
1240 3134 1384 3229 gratiam
1405 3154 1503 3206 suam
1528 3142 1563 3206 et
1580 3154 1683 3207 omne
1704 3134 1847 3206 bonum.

447 3258 533 3332 Cum
558 3260 728 3353 generalis
751 3259 882 3332 utilitas
904 3282 967 3356 per
991 3261 1121 3334 alterna
1147 3259 1353 3333 commercia
1384 3258 1597 3332 venientium
1620 3259 1656 3330 in
1684 3257 1849 3332 nundinis

445 3388 650 3477 procuretur
666 3392 702 3453 et
718 3403 765 3455 ex
782 3391 898 3455 nostra
916 3382 1104 3456 intentione
1119 3382 1284 3479 procedat
1303 3383 1353 3455 sio
1374 3380 1527 3455 fidelium
1550 3391 1742 3455 nostrorum
1757 3382 1850 3454 utili-

1906 1948 2022 1993 incastris

1916 2110 1943 2151 ns
1952 2086 2024 2163 jutt’

445 3504 506 3577 toti
522 3506 716 3601 prospicere
731 3514 769 3578 ut
784 3504 916 3579 exinde
929 3507 1031 3600 longe
1047 3507 1182 3601 lateque
1196 3506 1375 3601 proveniat
1390 3514 1558 3601 oportuna
1575 3506 1732 3580 materies
1747 3526 1849 3579 oom-
1979 3594 1983 3603 Ι

444 3627 620 3702 meditatis
633 3628 681 3702 ad
693 3650 825 3722 omnes,
846 3630 936 3702 scire
948 3630 1110 3703 volumus
1127 3630 1307 3703 universos
1324 3630 1422 3725 quod
1436 3650 1497 3724 pro
1514 3630 1687 3702 communi
1705 3630 1848 3703 utilitate

444 3752 599 3825 omnium
621 3754 798 3845 generales
817 3754 993 3827 nundinas
1012 3754 1106 3849 apud
1124 3755 1264 3827 Lubeke
1288 3755 1461 3827 civitatem
1483 3764 1631 3827 nostram
1650 3754 1751 3827 annis
1773 3756 1845 3827 sin·

443 3877 535 3972 gulis
563 3877 746 3950 statuimus
772 3878 1012 3969 celebrandas,
1033 3901 1103 3973 que
1132 3879 1168 3950 in
1197 3880 1283 3952 festo
1306 3879 1520 3951 Pentecostes
1545 3877 1672 3952 debent
1696 3879 1847 3976 incipere

444 4022 555 4093 usque
568 4000 615 4074 ad
631 4002 757 4073 festum
773 4003 971 4097 proximum
985 4002 1094 4075 sancti
1110 4002 1229 4076 Jacobi
1242 4002 1386 4099 apostoli
1401 4002 1527 4074 utiliter
1541 4000 1716 4075 durature.
1733 4002 1847 4089 Quare

442 4122 649 4196 mandamus
675 4124 889 4199 universitati
915 4135 1030 4201 venue
1054 4134 1234 4200 monentes
1256 4126 1418 4199 attentius
1438 4134 1472 4198 et
1489 4124 1662 4198 hortantes
1683 4128 1846 4221 quatinus

443 4246 568 4319 amodo
583 4266 663 4318 cum
686 4250 915 4322 mercimoniis
935 4260 970 4323 et
991 4252 1097 4324 rebus
1119 4250 1244 4324 restris
1269 4250 1315 4324 ad
1336 4250 1476 4323 easdem
1498 4248 1672 4323 nundinas
1690 4252 1846 4345 predicto

441 4369 586 4441 termino
607 4371 808 4443 constitutos
825 4374 1002 4447 annuatim
1026 4375 1209 4470 pervenire
1230 4375 1372 4462 curetis,
1394 4372 1573 4445 commode
1593 4382 1706 4447 vestra
1723 4376 1843 4448 lactari

440 4495 508 4567 sub
526 4505 642 4568 nostra
654 4505 689 4569 et
703 4497 836 4594 imperii
854 4500 1035 4573 securitate
1047 4522 1153 4595 quam
1169 4499 1330 4572 omnibus
1343 4500 1561 4572 venientibus
1578 4497 1746 4571 duximus
1761 4522 1844 4574 con·

441 4619 644 4693 cedendam.
662 4622 792 4695 Tenere
810 4622 915 4717 igitur
932 4624 1142 4720 presentium
1161 4622 1382 4720 prohibemus
1397 4632 1432 4695 et
1449 4622 1656 4717 precipimus
1674 4622 1846 4697 universis

441 4746 602 4839 quatinus
621 4744 738 4817 nullus
755 4746 800 4818 sit
821 4748 880 4845 qui
896 4749 1075 4821 venientes
1095 4748 1142 4821 ad
1156 4744 1329 4820 nundinas
1347 4747 1440 4843 ipsas
1453 4746 1488 4817 in
1507 4747 1660 4841 personis
1683 4756 1717 4818 et
1742 4749 1846 4822 rebus

441 4878 557 4939 contra
578 4876 693 4941 nostre
710 4871 905 4945 securitatis
921 4871 1171 4967 indulgentiam
1193 4880 1370 4968 presumat
1387 4868 1561 4943 offendere
1586 4871 1642 4943 vel
1668 4880 1846 4970 attemptet
