<?xml version="1.0" encoding="UTF-8"?>
<!DOCTYPE html PUBLIC "-//W3C//DTD XHTML 1.0 Transitional//EN"
    "http://www.w3.org/TR/xhtml1/DTD/xhtml1-transitional.dtd">
<html xmlns="http://www.w3.org/1999/xhtml" xml:lang="en" lang="en">
 <head>
  <title>
</title>
<meta http-equiv="Content-Type" content="text/html;charset=utf-8" />
  <meta name='ocr-system' content='tesseract 3.04.00' />
  <meta name='ocr-capabilities' content='ocr_page ocr_carea ocr_par ocr_line ocrx_word'/>
</head>
<body>
  <div class='ocr_page' id='page_1' title='image "./historiadiploma05fredgoog_0380.png"; bbox 0 0 4859 6359; ppageno 0'>
   <div class='ocr_carea' id='block_1_1' title="bbox 593 674 1999 757">
    <p class='ocr_par' dir='ltr' id='par_1_1' title="bbox 593 674 1999 757">
     <span class='ocr_line' id='line_1_1' title="bbox 593 674 1999 757; baseline -0.001 -20"><span class='ocrx_word' id='word_1_1' title='bbox 593 675 655 737; x_wconf 73' lang='lat'><strong>922</strong></span> <span class='ocrx_word' id='word_1_2' title='bbox 1096 676 1308 741; x_wconf 73' lang='lat' dir='ltr'><strong>entnssnlct</strong></span> <span class='ocrx_word' id='word_1_3' title='bbox 1332 676 1506 741; x_wconf 81' lang='lat' dir='ltr'><strong>SECUNlll</strong></span> <span class='ocrx_word' id='word_1_4' title='bbox 1816 674 1895 757; x_wconf 74' lang='lat' dir='ltr'><strong>[Amr.</strong></span> <span class='ocrx_word' id='word_1_5' title='bbox 1914 675 1999 737; x_wconf 76' lang='grc'><strong>1236.</strong></span> 
     </span>
    </p>
   </div>
   <div class='ocr_carea' id='block_1_2' title="bbox 536 806 2022 4618">
    <p class='ocr_par' dir='ltr' id='par_1_2' title="bbox 536 806 2022 4618">
     <span class='ocr_line' id='line_1_2' title="bbox 595 806 2002 908; baseline 0 -27"><span class='ocrx_word' id='word_1_6' title='bbox 595 810 692 905; x_wconf 91' lang='lat' dir='ltr'><strong>plum</strong></span> <span class='ocrx_word' id='word_1_7' title='bbox 709 808 772 904; x_wconf 87' lang='lat' dir='ltr'><strong>qui</strong></span> <span class='ocrx_word' id='word_1_8' title='bbox 789 806 976 883; x_wconf 88' lang='lat' dir='ltr'><strong>absorbens</strong></span> <span class='ocrx_word' id='word_1_9' title='bbox 990 809 1137 886; x_wconf 83' lang='lat' dir='ltr'><strong>durium</strong></span> <span class='ocrx_word' id='word_1_10' title='bbox 1150 832 1219 885; x_wconf 91' lang='lat' dir='ltr'><strong>nou</strong></span> <span class='ocrx_word' id='word_1_11' title='bbox 1234 813 1379 888; x_wconf 86' lang='lat' dir='ltr'><strong>miratur</strong></span> <span class='ocrx_word' id='word_1_12' title='bbox 1392 821 1426 887; x_wconf 82' lang='lat' dir='ltr'><strong>et</strong></span> <span class='ocrx_word' id='word_1_13' title='bbox 1442 832 1585 908; x_wconf 82' lang='lat' dir='ltr'><strong>sperans</strong></span> <span class='ocrx_word' id='word_1_14' title='bbox 1597 811 1693 905; x_wconf 86' lang='lat' dir='ltr'><strong>qnod</strong></span> <span class='ocrx_word' id='word_1_15' title='bbox 1706 810 1864 887; x_wconf 86' lang='lat' dir='ltr'><strong>lordonis</strong></span> <span class='ocrx_word' id='word_1_16' title='bbox 1881 810 2002 883; x_wconf 88' lang='lat' dir='ltr'><strong>inllunt</strong></span> 
     </span>
     <span class='ocr_line' id='line_1_3' title="bbox 595 932 2003 1031; baseline 0.001 -28"><span class='ocrx_word' id='word_1_17' title='bbox 595 932 634 1003; x_wconf 89' lang='lat' dir='ltr'><strong>iu</strong></span> <span class='ocrx_word' id='word_1_18' title='bbox 651 953 692 1005; x_wconf 91' lang='lat' dir='ltr'><strong>os</strong></span> <span class='ocrx_word' id='word_1_19' title='bbox 712 933 805 1024; x_wconf 88' lang='lat' dir='ltr'><strong>ejus,</strong></span> <span class='ocrx_word' id='word_1_20' title='bbox 832 953 896 1005; x_wconf 95' lang='lat' dir='ltr'><strong>suo</strong></span> <span class='ocrx_word' id='word_1_21' title='bbox 917 942 971 1007; x_wconf 90' lang='lat' dir='ltr'><strong>est</strong></span> <span class='ocrx_word' id='word_1_22' title='bbox 992 944 1073 1009; x_wconf 88' lang='lat' dir='ltr'><strong>vctc</strong></span> <span class='ocrx_word' id='word_1_23' title='bbox 1097 936 1296 1027; x_wconf 68' lang='lat' dir='ltr'><strong>fraudatus,</strong></span> <span class='ocrx_word' id='word_1_24' title='bbox 1321 957 1455 1016; x_wconf 77' lang='lat' dir='ltr'><strong>necnon</strong></span> <span class='ocrx_word' id='word_1_25' title='bbox 1479 945 1515 1008; x_wconf 89' lang='lat' dir='ltr'><strong>et</strong></span> <span class='ocrx_word' id='word_1_26' title='bbox 1533 935 1717 1031; x_wconf 85' lang='lat' dir='ltr'><strong>imperium</strong></span> <span class='ocrx_word' id='word_1_27' title='bbox 1738 955 1821 1007; x_wconf 89' lang='lat' dir='ltr'><strong>cure</strong></span> <span class='ocrx_word' id='word_1_28' title='bbox 1837 944 2003 1029; x_wconf 79' lang='lat' dir='ltr'><strong>perpetuo</strong></span> 
     </span>
     <span class='ocr_line' id='line_1_4' title="bbox 596 1054 2004 1155; baseline 0 -28"><span class='ocrx_word' id='word_1_29' title='bbox 596 1054 757 1144; x_wconf 82' lang='lat' dir='ltr'><strong>tradidit,</strong></span> <span class='ocrx_word' id='word_1_30' title='bbox 776 1066 811 1128; x_wconf 95' lang='lat' dir='ltr'><strong>et</strong></span> <span class='ocrx_word' id='word_1_31' title='bbox 832 1056 1002 1129; x_wconf 71' lang='lat' dir='ltr'><strong>octauum</strong></span> <span class='ocrx_word' id='word_1_32' title='bbox 1027 1067 1192 1153; x_wconf 87' lang='lat' dir='ltr'><strong>reputans</strong></span> <span class='ocrx_word' id='word_1_33' title='bbox 1213 1070 1255 1135; x_wconf 92' lang='lat' dir='ltr'><strong>nt</strong></span> <span class='ocrx_word' id='word_1_34' title='bbox 1278 1061 1340 1137; x_wconf 92' lang='lat' dir='ltr'><strong>nbi</strong></span> <span class='ocrx_word' id='word_1_35' title='bbox 1364 1068 1468 1155; x_wconf 87' lang='lat' dir='ltr'><strong>caput</strong></span> <span class='ocrx_word' id='word_1_36' title='bbox 1492 1058 1597 1133; x_wconf 87' lang='lat' dir='ltr'><strong>tutius</strong></span> <span class='ocrx_word' id='word_1_37' title='bbox 1622 1058 1807 1133; x_wconf 86' lang='lat' dir='ltr'><strong>christiane</strong></span> <span class='ocrx_word' id='word_1_38' title='bbox 1830 1056 2004 1151; x_wconf 77' lang='lat' dir='ltr'><strong>religionis</strong></span> 
     </span>
     <span class='ocr_line' id='line_1_5' title="bbox 596 1179 2005 1277; baseline 0 -26"><span class='ocrx_word' id='word_1_39' title='bbox 596 1179 643 1251; x_wconf 90' lang='lat' dir='ltr'><strong>ab</strong></span> <span class='ocrx_word' id='word_1_40' title='bbox 671 1179 876 1275; x_wconf 78' lang='lat' dir='ltr'><strong>imperatore</strong></span> <span class='ocrx_word' id='word_1_41' title='bbox 905 1180 1022 1255; x_wconf 78' lang='lat' dir='ltr'><strong>celesti</strong></span> <span class='ocrx_word' id='word_1_42' title='bbox 1053 1181 1271 1277; x_wconf 87' lang='lat' dir='ltr'><strong>disponitur,</strong></span> <span class='ocrx_word' id='word_1_43' title='bbox 1302 1182 1431 1257; x_wconf 82' lang='lat' dir='ltr'><strong>ibidem</strong></span> <span class='ocrx_word' id='word_1_44' title='bbox 1453 1192 1608 1257; x_wconf 90' lang='lat' dir='ltr'><strong>terrenus</strong></span> <span class='ocrx_word' id='word_1_45' title='bbox 1631 1182 1816 1277; x_wconf 82' lang='lat' dir='ltr'><strong>imperator</strong></span> <span class='ocrx_word' id='word_1_46' title='bbox 1840 1188 2005 1275; x_wconf 77' lang='lat' dir='ltr'><strong>potestate</strong></span> 
     </span>
     <span class='ocr_line' id='line_1_6' title="bbox 598 1302 2004 1403; baseline 0.001 -29"><span class='ocrx_word' id='word_1_47' title='bbox 598 1302 717 1394; x_wconf 86' lang='lat' dir='ltr'><strong>eliqua</strong></span> <span class='ocrx_word' id='word_1_48' title='bbox 733 1304 944 1397; x_wconf 74' lang='lat' dir='ltr'><strong>iungeretur,</strong></span> <span class='ocrx_word' id='word_1_49' title='bbox 964 1304 1095 1377; x_wconf 86' lang='lat' dir='ltr'><strong>ltaliam</strong></span> <span class='ocrx_word' id='word_1_50' title='bbox 1113 1304 1308 1401; x_wconf 79' lang='lat' dir='ltr'><strong>Apostolics</strong></span> <span class='ocrx_word' id='word_1_51' title='bbox 1325 1306 1541 1403; x_wconf 80' lang='lat' dir='ltr'><strong>dispositioni</strong></span> <span class='ocrx_word' id='word_1_52' title='bbox 1560 1305 1775 1399; x_wconf 88' lang='lat' dir='ltr'><strong>relinquens,</strong></span> <span class='ocrx_word' id='word_1_53' title='bbox 1795 1304 1861 1377; x_wconf 85' lang='lat' dir='ltr'><strong>sibi</strong></span> <span class='ocrx_word' id='word_1_54' title='bbox 1879 1324 2004 1377; x_wconf 88' lang='lat' dir='ltr'><strong>novam</strong></span> 
     </span>
     <span class='ocr_line' id='line_1_7' title="bbox 598 1422 2005 1525; baseline 0.001 -28"><span class='ocrx_word' id='word_1_55' title='bbox 598 1425 636 1497; x_wconf 92' lang='lat' dir='ltr'><strong>in</strong></span> <span class='ocrx_word' id='word_1_56' title='bbox 653 1422 773 1497; x_wconf 80' lang='lat' dir='ltr'><strong>Grecis</strong></span> <span class='ocrx_word' id='word_1_57' title='bbox 793 1425 1005 1499; x_wconf 86' lang='lat' dir='ltr'><strong>mansionem</strong></span> <span class='ocrx_word' id='word_1_58' title='bbox 1023 1428 1147 1521; x_wconf 73' lang='lat' dir='ltr'><strong>elegit3</strong></span> <span class='ocrx_word' id='word_1_59' title='bbox 1173 1428 1219 1507; x_wconf 88' lang='lat' dir='ltr'><strong>de</strong></span> <span class='ocrx_word' id='word_1_60' title='bbox 1236 1450 1305 1523; x_wconf 89' lang='lat' dir='ltr'><strong>qua</strong></span> <span class='ocrx_word' id='word_1_61' title='bbox 1322 1429 1541 1525; x_wconf 90' lang='lat' dir='ltr'><strong>postmodum</strong></span> <span class='ocrx_word' id='word_1_62' title='bbox 1563 1429 1599 1501; x_wconf 94' lang='lat' dir='ltr'><strong>in</strong></span> <span class='ocrx_word' id='word_1_63' title='bbox 1619 1448 1764 1525; x_wconf 88' lang='lat' dir='ltr'><strong>persona</strong></span> <span class='ocrx_word' id='word_1_64' title='bbox 1791 1427 1913 1523; x_wconf 82' lang='lat' dir='ltr'><strong>prefati</strong></span> <span class='ocrx_word' id='word_1_65' title='bbox 1928 1448 2005 1498; x_wconf 88' lang='lat' dir='ltr'><strong>ma-</strong></span> 
     </span>
     <span class='ocr_line' id='line_1_8' title="bbox 599 1546 2006 1646; baseline -0.001 -26"><span class='ocrx_word' id='word_1_66' title='bbox 599 1546 715 1641; x_wconf 77' lang='lat' dir='ltr'><strong>gnifici</strong></span> <span class='ocrx_word' id='word_1_67' title='bbox 733 1550 842 1621; x_wconf 85' lang='lat' dir='ltr'><strong>Caroli</strong></span> <span class='ocrx_word' id='word_1_68' title='bbox 860 1551 921 1644; x_wconf 89' lang='lat' dir='ltr'><strong>qui</strong></span> <span class='ocrx_word' id='word_1_69' title='bbox 937 1551 1062 1642; x_wconf 76' lang='lat' dir='ltr'><strong>jugum</strong></span> <span class='ocrx_word' id='word_1_70' title='bbox 1080 1572 1101 1625; x_wconf 88' lang='lat' dir='ltr'><strong>a</strong></span> <span class='ocrx_word' id='word_1_71' title='bbox 1117 1552 1270 1627; x_wconf 88' lang='lat' dir='ltr'><strong>Romanu</strong></span> <span class='ocrx_word' id='word_1_72' title='bbox 1286 1554 1438 1629; x_wconf 84' lang='lat' dir='ltr'><strong>Ecclesia</strong></span> <span class='ocrx_word' id='word_1_73' title='bbox 1455 1553 1519 1627; x_wconf 86' lang='lat' dir='ltr'><strong>vix</strong></span> <span class='ocrx_word' id='word_1_74' title='bbox 1537 1552 1716 1627; x_wconf 80' lang='lat' dir='ltr'><strong>terendum</strong></span> <span class='ocrx_word' id='word_1_75' title='bbox 1735 1550 1933 1646; x_wconf 90' lang='lat' dir='ltr'><strong>impositum</strong></span> <span class='ocrx_word' id='word_1_76' title='bbox 1949 1551 2006 1644; x_wconf 86' lang='lat' dir='ltr'><strong>piu</strong></span> 
     </span>
     <span class='ocr_line' id='line_1_9' title="bbox 536 1659 2008 1772; baseline 0 -26"><span class='ocrx_word' id='word_1_77' title='bbox 536 1659 540 1666; x_wconf 69' lang='grc'><strong>’</strong></span> <span class='ocrx_word' id='word_1_78' title='bbox 599 1672 727 1747; x_wconf 89' lang='lat' dir='ltr'><strong>debere</strong></span> <span class='ocrx_word' id='word_1_79' title='bbox 753 1671 871 1745; x_wconf 90' lang='lat' dir='ltr'><strong>docuit</strong></span> <span class='ocrx_word' id='word_1_80' title='bbox 893 1672 1077 1746; x_wconf 88' lang='lat' dir='ltr'><strong>devotione</strong></span> <span class='ocrx_word' id='word_1_81' title='bbox 1102 1676 1250 1769; x_wconf 85' lang='lat' dir='ltr'><strong>portari,</strong></span> <span class='ocrx_word' id='word_1_82' title='bbox 1275 1676 1383 1751; x_wconf 83' lang='lat' dir='ltr'><strong>Sedes</strong></span> <span class='ocrx_word' id='word_1_83' title='bbox 1404 1675 1602 1772; x_wconf 81' lang='lat' dir='ltr'><strong>Apostolicn</strong></span> <span class='ocrx_word' id='word_1_84' title='bbox 1624 1675 1832 1747; x_wconf 81' lang='lat' dir='ltr'><strong>transferens</strong></span> <span class='ocrx_word' id='word_1_85' title='bbox 1856 1674 1894 1745; x_wconf 92' lang='lat' dir='ltr'><strong>in</strong></span> <span class='ocrx_word' id='word_1_86' title='bbox 1916 1671 2008 1746; x_wconf 84' lang='lat' dir='ltr'><strong>Ger·</strong></span> 
     </span>
     <span class='ocr_line' id='line_1_10' title="bbox 599 1796 2008 1894; baseline -0.001 -25"><span class='ocrx_word' id='word_1_87' title='bbox 599 1817 731 1888; x_wconf 88' lang='lat' dir='ltr'><strong>manos,</strong></span> <span class='ocrx_word' id='word_1_88' title='bbox 745 1796 1046 1893; x_wconf 82' lang='lat' dir='ltr'><strong>predecessoribus</strong></span> <span class='ocrx_word' id='word_1_89' title='bbox 1058 1797 1128 1871; x_wconf 92' lang='lat' dir='ltr'><strong>tuis</strong></span> <span class='ocrx_word' id='word_1_90' title='bbox 1140 1799 1231 1872; x_wconf 88' lang='lat' dir='ltr'><strong>sicut</strong></span> <span class='ocrx_word' id='word_1_91' title='bbox 1247 1808 1282 1872; x_wconf 87' lang='lat' dir='ltr'><strong>et</strong></span> <span class='ocrx_word' id='word_1_92' title='bbox 1300 1800 1335 1871; x_wconf 91' lang='lat' dir='ltr'><strong>io</strong></span> <span class='ocrx_word' id='word_1_93' title='bbox 1355 1810 1415 1875; x_wconf 85' lang='lat' dir='ltr'><strong>tua</strong></span> <span class='ocrx_word' id='word_1_94' title='bbox 1432 1818 1577 1894; x_wconf 80' lang='lat' dir='ltr'><strong>persone</strong></span> <span class='ocrx_word' id='word_1_95' title='bbox 1595 1796 1715 1873; x_wconf 89' lang='lat' dir='ltr'><strong>recolis</strong></span> <span class='ocrx_word' id='word_1_96' title='bbox 1731 1818 1808 1869; x_wconf 88' lang='lat' dir='ltr'><strong>esse</strong></span> <span class='ocrx_word' id='word_1_97' title='bbox 1825 1798 1953 1869; x_wconf 83' lang='lat' dir='ltr'><strong>lactum</strong></span> <span class='ocrx_word' id='word_1_98' title='bbox 1971 1796 2008 1867; x_wconf 89' lang='lat' dir='ltr'><strong>iu</strong></span> 
     </span>
     <span class='ocr_line' id='line_1_11' title="bbox 600 1918 2008 2013; baseline -0.001 -21"><span class='ocrx_word' id='word_1_99' title='bbox 600 1919 865 1992; x_wconf 89' lang='lat' dir='ltr'><strong>consecrationis</strong></span> <span class='ocrx_word' id='word_1_100' title='bbox 885 1929 921 1993; x_wconf 91' lang='lat' dir='ltr'><strong>st</strong></span> <span class='ocrx_word' id='word_1_101' title='bbox 945 1920 1156 1993; x_wconf 87' lang='lat' dir='ltr'><strong>inunctionis</strong></span> <span class='ocrx_word' id='word_1_102' title='bbox 1172 1944 1334 2013; x_wconf 89' lang='lat' dir='ltr'><strong>munere,</strong></span> <span class='ocrx_word' id='word_1_103' title='bbox 1353 1922 1439 1995; x_wconf 87' lang='lat' dir='ltr'><strong>nihil</strong></span> <span class='ocrx_word' id='word_1_104' title='bbox 1460 1922 1507 1997; x_wconf 90' lang='lat' dir='ltr'><strong>de</strong></span> <span class='ocrx_word' id='word_1_105' title='bbox 1533 1922 1725 1997; x_wconf 84' lang='lat' dir='ltr'><strong>substantia</strong></span> <span class='ocrx_word' id='word_1_106' title='bbox 1751 1940 1815 1993; x_wconf 89' lang='lat' dir='ltr'><strong>sue</strong></span> <span class='ocrx_word' id='word_1_107' title='bbox 1838 1918 2008 2012; x_wconf 86' lang='lat' dir='ltr'><strong>jurisdic-</strong></span> 
     </span>
     <span class='ocr_line' id='line_1_12' title="bbox 599 2042 2008 2141; baseline 0 -28"><span class='ocrx_word' id='word_1_108' title='bbox 599 2042 703 2115; x_wconf 85' lang='lat' dir='ltr'><strong>tionis</strong></span> <span class='ocrx_word' id='word_1_109' title='bbox 721 2042 942 2135; x_wconf 85' lang='lat' dir='ltr'><strong>imminuens,</strong></span> <span class='ocrx_word' id='word_1_110' title='bbox 962 2044 1096 2139; x_wconf 91' lang='lat' dir='ltr'><strong>imperii</strong></span> <span class='ocrx_word' id='word_1_111' title='bbox 1113 2044 1263 2119; x_wconf 90' lang='lat' dir='ltr'><strong>tribuual</strong></span> <span class='ocrx_word' id='word_1_112' title='bbox 1278 2046 1459 2141; x_wconf 89' lang='lat' dir='ltr'><strong>supposuit</strong></span> <span class='ocrx_word' id='word_1_113' title='bbox 1474 2055 1509 2119; x_wconf 89' lang='lat' dir='ltr'><strong>et</strong></span> <span class='ocrx_word' id='word_1_114' title='bbox 1521 2044 1630 2140; x_wconf 74' lang='lat' dir='ltr'><strong>gladii</strong></span> <span class='ocrx_word' id='word_1_115' title='bbox 1645 2053 1850 2140; x_wconf 79' lang='lat' dir='ltr'><strong>potestatem</strong></span> <span class='ocrx_word' id='word_1_116' title='bbox 1864 2044 1902 2115; x_wconf 91' lang='lat' dir='ltr'><strong>in</strong></span> <span class='ocrx_word' id='word_1_117' title='bbox 1920 2043 2008 2116; x_wconf 91' lang='lat' dir='ltr'><strong>sub-</strong></span> 
     </span>
     <span class='ocr_line' id='line_1_13' title="bbox 599 2167 2009 2265; baseline 0 -27"><span class='ocrx_word' id='word_1_118' title='bbox 599 2176 718 2240; x_wconf 87' lang='lat' dir='ltr'><strong>secuta</strong></span> <span class='ocrx_word' id='word_1_119' title='bbox 739 2167 958 2240; x_wconf 83' lang='lat' dir='ltr'><strong>coronatione</strong></span> <span class='ocrx_word' id='word_1_120' title='bbox 975 2170 1164 2263; x_wconf 81' lang='lat' dir='ltr'><strong>noncessit,</strong></span> <span class='ocrx_word' id='word_1_121' title='bbox 1182 2192 1230 2243; x_wconf 89' lang='lat' dir='ltr'><strong>err</strong></span> <span class='ocrx_word' id='word_1_122' title='bbox 1247 2192 1318 2265; x_wconf 92' lang='lat' dir='ltr'><strong>quo</strong></span> <span class='ocrx_word' id='word_1_123' title='bbox 1331 2170 1402 2262; x_wconf 90' lang='lat' dir='ltr'><strong>juri</strong></span> <span class='ocrx_word' id='word_1_124' title='bbox 1420 2169 1615 2264; x_wconf 82' lang='lat' dir='ltr'><strong>Apostolice</strong></span> <span class='ocrx_word' id='word_1_125' title='bbox 1632 2168 1732 2243; x_wconf 90' lang='lat' dir='ltr'><strong>Sedis</strong></span> <span class='ocrx_word' id='word_1_126' title='bbox 1753 2176 1787 2241; x_wconf 89' lang='lat' dir='ltr'><strong>et</strong></span> <span class='ocrx_word' id='word_1_127' title='bbox 1807 2189 1877 2241; x_wconf 90' lang='lat' dir='ltr'><strong>uun</strong></span> <span class='ocrx_word' id='word_1_128' title='bbox 1894 2167 2009 2239; x_wconf 88' lang='lat' dir='ltr'><strong>minus</strong></span> 
     </span>
     <span class='ocr_line' id='line_1_14' title="bbox 600 2290 2008 2387; baseline -0.002 -23"><span class='ocrx_word' id='word_1_129' title='bbox 600 2290 683 2365; x_wconf 88' lang='lat' dir='ltr'><strong>lidsi</strong></span> <span class='ocrx_word' id='word_1_130' title='bbox 705 2313 748 2365; x_wconf 90' lang='lat' dir='ltr'><strong>ac</strong></span> <span class='ocrx_word' id='word_1_131' title='bbox 763 2290 886 2365; x_wconf 90' lang='lat' dir='ltr'><strong>horrori</strong></span> <span class='ocrx_word' id='word_1_132' title='bbox 903 2301 964 2365; x_wconf 91' lang='lat' dir='ltr'><strong>tun</strong></span> <span class='ocrx_word' id='word_1_133' title='bbox 987 2292 1156 2387; x_wconf 78' lang='lat' dir='ltr'><strong>derogare</strong></span> <span class='ocrx_word' id='word_1_134' title='bbox 1178 2295 1411 2385; x_wconf 88' lang='lat' dir='ltr'><strong>convinceris,</strong></span> <span class='ocrx_word' id='word_1_135' title='bbox 1437 2294 1522 2367; x_wconf 91' lang='lat' dir='ltr'><strong>dum</strong></span> <span class='ocrx_word' id='word_1_136' title='bbox 1549 2296 1711 2367; x_wconf 84' lang='lat' dir='ltr'><strong>lectorem</strong></span> <span class='ocrx_word' id='word_1_137' title='bbox 1736 2292 1912 2387; x_wconf 90' lang='lat' dir='ltr'><strong>proprium</strong></span> <span class='ocrx_word' id='word_1_138' title='bbox 1939 2310 2008 2362; x_wconf 91' lang='lat' dir='ltr'><strong>uon</strong></span> 
     </span>
     <span class='ocr_line' id='line_1_15' title="bbox 602 2412 2010 2511; baseline -0.003 -22"><span class='ocrx_word' id='word_1_139' title='bbox 602 2415 773 2511; x_wconf 79' lang='lat' dir='ltr'><strong>agnoscis.</strong></span> <span class='ocrx_word' id='word_1_140' title='bbox 799 2416 853 2487; x_wconf 87' lang='lat' dir='ltr'><strong>Ex</strong></span> <span class='ocrx_word' id='word_1_141' title='bbox 870 2436 913 2488; x_wconf 91' lang='lat' dir='ltr'><strong>eo</strong></span> <span class='ocrx_word' id='word_1_142' title='bbox 936 2424 1053 2489; x_wconf 86' lang='lat' dir='ltr'><strong>autem</strong></span> <span class='ocrx_word' id='word_1_143' title='bbox 1072 2438 1142 2491; x_wconf 89' lang='lat' dir='ltr'><strong>non</strong></span> <span class='ocrx_word' id='word_1_144' title='bbox 1159 2418 1330 2491; x_wconf 92' lang='lat' dir='ltr'><strong>modicam</strong></span> <span class='ocrx_word' id='word_1_145' title='bbox 1349 2427 1465 2491; x_wconf 88' lang='lat' dir='ltr'><strong>notem</strong></span> <span class='ocrx_word' id='word_1_146' title='bbox 1488 2416 1720 2492; x_wconf 86' lang='lat' dir='ltr'><strong>indevotionis</strong></span> <span class='ocrx_word' id='word_1_147' title='bbox 1745 2414 1892 2488; x_wconf 84' lang='lat' dir='ltr'><strong>incurris</strong></span> <span class='ocrx_word' id='word_1_148' title='bbox 1913 2412 2010 2509; x_wconf 88' lang='lat' dir='ltr'><strong>quod</strong></span> 
     </span>
     <span class='ocr_line' id='line_1_16' title="bbox 603 2538 2010 2636; baseline -0.004 -23"><span class='ocrx_word' id='word_1_149' title='bbox 603 2540 703 2615; x_wconf 90' lang='lat' dir='ltr'><strong>uobis</strong></span> <span class='ocrx_word' id='word_1_150' title='bbox 720 2550 755 2612; x_wconf 90' lang='lat' dir='ltr'><strong>et</strong></span> <span class='ocrx_word' id='word_1_151' title='bbox 779 2539 939 2613; x_wconf 84' lang='lat' dir='ltr'><strong>iratribus</strong></span> <span class='ocrx_word' id='word_1_152' title='bbox 957 2540 1081 2613; x_wconf 85' lang='lat' dir='ltr'><strong>uostris</strong></span> <span class='ocrx_word' id='word_1_153' title='bbox 1101 2542 1269 2636; x_wconf 77' lang='lat' dir='ltr'><strong>sacmlegii</strong></span> <span class='ocrx_word' id='word_1_154' title='bbox 1292 2543 1462 2617; x_wconf 80' lang='lat' dir='ltr'><strong>maculam</strong></span> <span class='ocrx_word' id='word_1_155' title='bbox 1476 2542 1611 2615; x_wconf 86' lang='lat' dir='ltr'><strong>conaris</strong></span> <span class='ocrx_word' id='word_1_156' title='bbox 1624 2540 1831 2635; x_wconf 79' lang='lat' dir='ltr'><strong>impingere,</strong></span> <span class='ocrx_word' id='word_1_157' title='bbox 1850 2538 1933 2632; x_wconf 86' lang='lat' dir='ltr'><strong>quia</strong></span> <span class='ocrx_word' id='word_1_158' title='bbox 1950 2558 2010 2609; x_wconf 89' lang='lat' dir='ltr'><strong>eos</strong></span> 
     </span>
     <span class='ocr_line' id='line_1_17' title="bbox 604 2664 2011 2759; baseline -0.003 -24"><span class='ocrx_word' id='word_1_159' title='bbox 604 2664 733 2759; x_wconf 88' lang='lat' dir='ltr'><strong>quibus</strong></span> <span class='ocrx_word' id='word_1_160' title='bbox 755 2686 777 2737; x_wconf 90' lang='lat' dir='ltr'><strong>a</strong></span> <span class='ocrx_word' id='word_1_161' title='bbox 800 2677 833 2737; x_wconf 91' lang='lat' dir='ltr'><strong>te</strong></span> <span class='ocrx_word' id='word_1_162' title='bbox 860 2664 1004 2737; x_wconf 89' lang='lat' dir='ltr'><strong>ecclesie</strong></span> <span class='ocrx_word' id='word_1_163' title='bbox 1031 2686 1074 2736; x_wconf 84' lang='lat' dir='ltr'><strong>ac</strong></span> <span class='ocrx_word' id='word_1_164' title='bbox 1100 2666 1329 2739; x_wconf 83' lang='lat' dir='ltr'><strong>ecclesiastica</strong></span> <span class='ocrx_word' id='word_1_165' title='bbox 1360 2664 1529 2739; x_wconf 81' lang='lat' dir='ltr'><strong>beneficia</strong></span> <span class='ocrx_word' id='word_1_166' title='bbox 1557 2664 1782 2737; x_wconf 86' lang='lat' dir='ltr'><strong>conseruntur</strong></span> <span class='ocrx_word' id='word_1_167' title='bbox 1813 2668 2011 2757; x_wconf 82' lang='lat' dir='ltr'><strong>reputantes</strong></span> 
     </span>
     <span class='ocr_line' id='line_1_18' title="bbox 605 2784 2012 2885; baseline -0.004 -26"><span class='ocrx_word' id='word_1_168' title='bbox 605 2786 777 2881; x_wconf 75' lang='lat' dir='ltr'><strong>indiguos,</strong></span> <span class='ocrx_word' id='word_1_169' title='bbox 798 2787 844 2861; x_wconf 93' lang='lat' dir='ltr'><strong>de</strong></span> <span class='ocrx_word' id='word_1_170' title='bbox 865 2800 925 2861; x_wconf 93' lang='lat' dir='ltr'><strong>tuo</strong></span> <span class='ocrx_word' id='word_1_171' title='bbox 947 2788 1109 2861; x_wconf 88' lang='lat' dir='ltr'><strong>videmur</strong></span> <span class='ocrx_word' id='word_1_172' title='bbox 1124 2788 1258 2881; x_wconf 87' lang='lat' dir='ltr'><strong>judicio</strong></span> <span class='ocrx_word' id='word_1_173' title='bbox 1281 2789 1476 2885; x_wconf 89' lang='lat' dir='ltr'><strong>disputare;</strong></span> <span class='ocrx_word' id='word_1_174' title='bbox 1492 2810 1562 2861; x_wconf 93' lang='lat' dir='ltr'><strong>nou</strong></span> <span class='ocrx_word' id='word_1_175' title='bbox 1579 2785 1761 2860; x_wconf 88' lang='lat' dir='ltr'><strong>attendens</strong></span> <span class='ocrx_word' id='word_1_176' title='bbox 1777 2784 1872 2879; x_wconf 89' lang='lat' dir='ltr'><strong>quod</strong></span> <span class='ocrx_word' id='word_1_177' title='bbox 1898 2804 2012 2855; x_wconf 86' lang='lat' dir='ltr'><strong>sacer·</strong></span> 
     </span>
     <span class='ocr_line' id='line_1_19' title="bbox 606 2907 2012 3009; baseline -0.004 -22"><span class='ocrx_word' id='word_1_178' title='bbox 606 2912 705 2987; x_wconf 86' lang='lat' dir='ltr'><strong>dotes</strong></span> <span class='ocrx_word' id='word_1_179' title='bbox 728 2912 851 2983; x_wconf 84' lang='lat' dir='ltr'><strong>Christi</strong></span> <span class='ocrx_word' id='word_1_180' title='bbox 878 2933 999 3006; x_wconf 77' lang='lat' dir='ltr'><strong>regum</strong></span> <span class='ocrx_word' id='word_1_181' title='bbox 1022 2922 1057 2985; x_wconf 90' lang='lat' dir='ltr'><strong>et</strong></span> <span class='ocrx_word' id='word_1_182' title='bbox 1081 2912 1277 3009; x_wconf 88' lang='lat' dir='ltr'><strong>principum</strong></span> <span class='ocrx_word' id='word_1_183' title='bbox 1302 2914 1456 2987; x_wconf 87' lang='lat' dir='ltr'><strong>emnium</strong></span> <span class='ocrx_word' id='word_1_184' title='bbox 1481 2912 1635 2987; x_wconf 87' lang='lat' dir='ltr'><strong>fidelium</strong></span> <span class='ocrx_word' id='word_1_185' title='bbox 1663 2920 1777 3008; x_wconf 88' lang='lat' dir='ltr'><strong>patres</strong></span> <span class='ocrx_word' id='word_1_186' title='bbox 1798 2917 1834 2981; x_wconf 89' lang='lat' dir='ltr'><strong>ct</strong></span> <span class='ocrx_word' id='word_1_187' title='bbox 1859 2907 2012 3001; x_wconf 75' lang='lat' dir='ltr'><strong>magistri</strong></span> 
     </span>
     <span class='ocr_line' id='line_1_20' title="bbox 606 3032 2010 3131; baseline -0.004 -22"><span class='ocrx_word' id='word_1_188' title='bbox 606 3044 801 3109; x_wconf 86' lang='lat' dir='ltr'><strong>censentur.</strong></span> <span class='ocrx_word' id='word_1_189' title='bbox 818 3035 939 3108; x_wconf 91' lang='lat' dir='ltr'><strong>Nonne</strong></span> <span class='ocrx_word' id='word_1_190' title='bbox 953 3035 1159 3109; x_wconf 86' lang='lat' dir='ltr'><strong>miserabilis</strong></span> <span class='ocrx_word' id='word_1_191' title='bbox 1172 3036 1308 3109; x_wconf 88' lang='lat' dir='ltr'><strong>insanie</strong></span> <span class='ocrx_word' id='word_1_192' title='bbox 1330 3056 1406 3111; x_wconf 87' lang='lat' dir='ltr'><strong>csse</strong></span> <span class='ocrx_word' id='word_1_193' title='bbox 1433 3036 1662 3131; x_wconf 79' lang='lat' dir='ltr'><strong>cognoscitur,</strong></span> <span class='ocrx_word' id='word_1_194' title='bbox 1688 3034 1719 3107; x_wconf 93' lang='lat' dir='ltr'><strong>si</strong></span> <span class='ocrx_word' id='word_1_195' title='bbox 1744 3032 1837 3105; x_wconf 88' lang='lat' dir='ltr'><strong>filins</strong></span> <span class='ocrx_word' id='word_1_196' title='bbox 1861 3040 2010 3126; x_wconf 83' lang='lat' dir='ltr'><strong>putrem,</strong></span> 
     </span>
     <span class='ocr_line' id='line_1_21' title="bbox 608 3152 2015 3254; baseline -0.004 -21"><span class='ocrx_word' id='word_1_197' title='bbox 608 3158 800 3253; x_wconf 91' lang='lat' dir='ltr'><strong>discipulus</strong></span> <span class='ocrx_word' id='word_1_198' title='bbox 816 3160 1016 3254; x_wconf 82' lang='lat' dir='ltr'><strong>magistrum</strong></span> <span class='ocrx_word' id='word_1_199' title='bbox 1034 3168 1177 3231; x_wconf 89' lang='lat' dir='ltr'><strong>conetur</strong></span> <span class='ocrx_word' id='word_1_200' title='bbox 1188 3180 1347 3253; x_wconf 77' lang='lat' dir='ltr'><strong>arguere,</strong></span> <span class='ocrx_word' id='word_1_201' title='bbox 1364 3182 1387 3233; x_wconf 89' lang='lat' dir='ltr'><strong>a</strong></span> <span class='ocrx_word' id='word_1_202' title='bbox 1403 3160 1532 3254; x_wconf 88' lang='lat' dir='ltr'><strong>quibus</strong></span> <span class='ocrx_word' id='word_1_203' title='bbox 1548 3180 1619 3233; x_wconf 92' lang='lat' dir='ltr'><strong>non</strong></span> <span class='ocrx_word' id='word_1_204' title='bbox 1637 3158 1748 3233; x_wconf 91' lang='lat' dir='ltr'><strong>solum</strong></span> <span class='ocrx_word' id='word_1_205' title='bbox 1765 3158 1802 3229; x_wconf 92' lang='lat' dir='ltr'><strong>in</strong></span> <span class='ocrx_word' id='word_1_206' title='bbox 1820 3156 1931 3246; x_wconf 89' lang='lat' dir='ltr'><strong>terris,</strong></span> <span class='ocrx_word' id='word_1_207' title='bbox 1950 3152 2015 3227; x_wconf 92' lang='lat' dir='ltr'><strong>ssd</strong></span> 
     </span>
     <span class='ocr_line' id='line_1_22' title="bbox 608 3280 2015 3377; baseline -0.003 -22"><span class='ocrx_word' id='word_1_208' title='bbox 608 3285 644 3355; x_wconf 94' lang='lat' dir='ltr'><strong>iu</strong></span> <span class='ocrx_word' id='word_1_209' title='bbox 663 3282 745 3357; x_wconf 90' lang='lat' dir='ltr'><strong>celis</strong></span> <span class='ocrx_word' id='word_1_210' title='bbox 764 3304 842 3357; x_wconf 88' lang='lat' dir='ltr'><strong>sese</strong></span> <span class='ocrx_word' id='word_1_211' title='bbox 863 3282 960 3377; x_wconf 77' lang='lat' dir='ltr'><strong>ligari</strong></span> <span class='ocrx_word' id='word_1_212' title='bbox 977 3304 1078 3377; x_wconf 88' lang='lat' dir='ltr'><strong>posse</strong></span> <span class='ocrx_word' id='word_1_213' title='bbox 1101 3284 1315 3358; x_wconf 89' lang='lat' dir='ltr'><strong>institutione</strong></span> <span class='ocrx_word' id='word_1_214' title='bbox 1338 3284 1459 3359; x_wconf 87' lang='lat' dir='ltr'><strong>divina</strong></span> <span class='ocrx_word' id='word_1_215' title='bbox 1484 3284 1648 3357; x_wconf 81' lang='lat' dir='ltr'><strong>docetur?</strong></span> <span class='ocrx_word' id='word_1_216' title='bbox 1665 3282 1794 3357; x_wconf 87' lang='lat' dir='ltr'><strong>Omnes</strong></span> <span class='ocrx_word' id='word_1_217' title='bbox 1817 3281 1928 3367; x_wconf 88' lang='lat' dir='ltr'><strong>euim,</strong></span> <span class='ocrx_word' id='word_1_218' title='bbox 1949 3280 2015 3351; x_wconf 90' lang='lat' dir='ltr'><strong>uisi</strong></span> 
     </span>
     <span class='ocr_line' id='line_1_23' title="bbox 609 3404 2015 3503; baseline -0.002 -25"><span class='ocrx_word' id='word_1_219' title='bbox 609 3428 757 3503; x_wconf 90' lang='lat' dir='ltr'><strong>quorum</strong></span> <span class='ocrx_word' id='word_1_220' title='bbox 773 3406 895 3479; x_wconf 91' lang='lat' dir='ltr'><strong>oculus</strong></span> <span class='ocrx_word' id='word_1_221' title='bbox 910 3407 1027 3501; x_wconf 91' lang='lat' dir='ltr'><strong>aliquo</strong></span> <span class='ocrx_word' id='word_1_222' title='bbox 1040 3408 1165 3480; x_wconf 88' lang='lat' dir='ltr'><strong>erroris</strong></span> <span class='ocrx_word' id='word_1_223' title='bbox 1186 3410 1329 3503; x_wconf 82' lang='lat' dir='ltr'><strong>pulvere</strong></span> <span class='ocrx_word' id='word_1_224' title='bbox 1351 3408 1543 3499; x_wconf 87' lang='lat' dir='ltr'><strong>obturatur,</strong></span> <span class='ocrx_word' id='word_1_225' title='bbox 1559 3416 1750 3499; x_wconf 78' lang='lat' dir='ltr'><strong>agnoscunt</strong></span> <span class='ocrx_word' id='word_1_226' title='bbox 1766 3404 1956 3499; x_wconf 86' lang='lat' dir='ltr'><strong>quodcum</strong></span> <span class='ocrx_word' id='word_1_227' title='bbox 1977 3411 2015 3475; x_wconf 91' lang='lat' dir='ltr'><strong>tu</strong></span> 
     </span>
     <span class='ocr_line' id='line_1_24' title="bbox 611 3526 2017 3627; baseline -0.002 -25"><span class='ocrx_word' id='word_1_228' title='bbox 611 3532 686 3625; x_wconf 92' lang='lat' dir='ltr'><strong>ipse</strong></span> <span class='ocrx_word' id='word_1_229' title='bbox 703 3528 898 3624; x_wconf 83' lang='lat' dir='ltr'><strong>Apostolice</strong></span> <span class='ocrx_word' id='word_1_230' title='bbox 918 3531 1188 3623; x_wconf 85' lang='lat' dir='ltr'><strong>examinationi,</strong></span> <span class='ocrx_word' id='word_1_231' title='bbox 1203 3532 1295 3605; x_wconf 91' lang='lat' dir='ltr'><strong>sicut</strong></span> <span class='ocrx_word' id='word_1_232' title='bbox 1310 3542 1477 3607; x_wconf 89' lang='lat' dir='ltr'><strong>testantur</strong></span> <span class='ocrx_word' id='word_1_233' title='bbox 1493 3530 1671 3627; x_wconf 84' lang='lat' dir='ltr'><strong>premissa,</strong></span> <span class='ocrx_word' id='word_1_234' title='bbox 1687 3528 1889 3621; x_wconf 80' lang='lat' dir='ltr'><strong>subjaceas,</strong></span> <span class='ocrx_word' id='word_1_235' title='bbox 1909 3526 2017 3599; x_wconf 92' lang='lat' dir='ltr'><strong>multo</strong></span> 
     </span>
     <span class='ocr_line' id='line_1_25' title="bbox 612 3652 2017 3751; baseline -0.003 -24"><span class='ocrx_word' id='word_1_236' title='bbox 612 3656 733 3740; x_wconf 78' lang='lat' dir='ltr'><strong>lortius</strong></span> <span class='ocrx_word' id='word_1_237' title='bbox 757 3653 803 3727; x_wconf 91' lang='lat' dir='ltr'><strong>de</strong></span> <span class='ocrx_word' id='word_1_238' title='bbox 825 3654 963 3727; x_wconf 91' lang='lat' dir='ltr'><strong>illorum</strong></span> <span class='ocrx_word' id='word_1_239' title='bbox 995 3676 1180 3749; x_wconf 88' lang='lat' dir='ltr'><strong>possumus</strong></span> <span class='ocrx_word' id='word_1_240' title='bbox 1203 3654 1410 3750; x_wconf 80' lang='lat' dir='ltr'><strong>indignitate</strong></span> <span class='ocrx_word' id='word_1_241' title='bbox 1442 3675 1648 3751; x_wconf 76' lang='lat' dir='ltr'><strong>cognoscere</strong></span> <span class='ocrx_word' id='word_1_242' title='bbox 1668 3654 1730 3749; x_wconf 90' lang='lat' dir='ltr'><strong>qui</strong></span> <span class='ocrx_word' id='word_1_243' title='bbox 1757 3652 1802 3727; x_wconf 91' lang='lat' dir='ltr'><strong>de</strong></span> <span class='ocrx_word' id='word_1_244' title='bbox 1824 3672 1929 3727; x_wconf 87' lang='lat' dir='ltr'><strong>maun</strong></span> <span class='ocrx_word' id='word_1_245' title='bbox 1956 3660 2017 3723; x_wconf 89' lang='lat' dir='ltr'><strong>tua</strong></span> 
     </span>
     <span class='ocr_line' id='line_1_26' title="bbox 612 3772 2016 3875; baseline -0.003 -26"><span class='ocrx_word' id='word_1_246' title='bbox 612 3787 803 3850; x_wconf 88' lang='lat' dir='ltr'><strong>noscuntur</strong></span> <span class='ocrx_word' id='word_1_247' title='bbox 819 3776 1020 3870; x_wconf 81' lang='lat' dir='ltr'><strong>dignitatem</strong></span> <span class='ocrx_word' id='word_1_248' title='bbox 1035 3779 1186 3873; x_wconf 84' lang='lat' dir='ltr'><strong>aliquam</strong></span> <span class='ocrx_word' id='word_1_249' title='bbox 1203 3780 1410 3875; x_wconf 87' lang='lat' dir='ltr'><strong>suscepisse,</strong></span> <span class='ocrx_word' id='word_1_250' title='bbox 1427 3800 1470 3855; x_wconf 90' lang='lat' dir='ltr'><strong>eo</strong></span> <span class='ocrx_word' id='word_1_251' title='bbox 1485 3776 1583 3874; x_wconf 89' lang='lat' dir='ltr'><strong>quod</strong></span> <span class='ocrx_word' id='word_1_252' title='bbox 1600 3773 1775 3871; x_wconf 85' lang='lat' dir='ltr'><strong>quidquid</strong></span> <span class='ocrx_word' id='word_1_253' title='bbox 1789 3773 1917 3869; x_wconf 87' lang='lat' dir='ltr'><strong>speciei</strong></span> <span class='ocrx_word' id='word_1_254' title='bbox 1933 3772 2016 3848; x_wconf 87' lang='lat' dir='ltr'><strong>snb·</strong></span> 
     </span>
     <span class='ocr_line' id='line_1_27' title="bbox 610 3892 2018 3999; baseline -0.005 -26"><span class='ocrx_word' id='word_1_255' title='bbox 610 3903 740 3994; x_wconf 89' lang='lat' dir='ltr'><strong>jioitur,</strong></span> <span class='ocrx_word' id='word_1_256' title='bbox 761 3901 806 3974; x_wconf 91' lang='lat' dir='ltr'><strong>de</strong></span> <span class='ocrx_word' id='word_1_257' title='bbox 821 3903 879 3975; x_wconf 92' lang='lat' dir='ltr'><strong>illc</strong></span> <span class='ocrx_word' id='word_1_258' title='bbox 895 3924 1006 3997; x_wconf 80' lang='lat' dir='ltr'><strong>genus</strong></span> <span class='ocrx_word' id='word_1_259' title='bbox 1023 3902 1216 3977; x_wconf 88' lang='lat' dir='ltr'><strong>necessario</strong></span> <span class='ocrx_word' id='word_1_260' title='bbox 1234 3904 1442 3999; x_wconf 90' lang='lat' dir='ltr'><strong>predicatur.</strong></span> <span class='ocrx_word' id='word_1_261' title='bbox 1463 3905 1536 3977; x_wconf 87' lang='lat' dir='ltr'><strong>Hoc</strong></span> <span class='ocrx_word' id='word_1_262' title='bbox 1550 3905 1586 3975; x_wconf 92' lang='lat' dir='ltr'><strong>iu</strong></span> <span class='ocrx_word' id='word_1_263' title='bbox 1604 3900 1762 3997; x_wconf 83' lang='lat' dir='ltr'><strong>personis</strong></span> <span class='ocrx_word' id='word_1_264' title='bbox 1780 3892 2018 3971; x_wconf 87' lang='lat' dir='ltr'><strong>ecclesiasticis</strong></span> 
     </span>
     <span class='ocr_line' id='line_1_28' title="bbox 617 4022 2019 4123; baseline -0.004 -27"><span class='ocrx_word' id='word_1_265' title='bbox 617 4025 736 4119; x_wconf 77' lang='lat' dir='ltr'><strong>negari</strong></span> <span class='ocrx_word' id='word_1_266' title='bbox 753 4048 822 4099; x_wconf 91' lang='lat' dir='ltr'><strong>nou</strong></span> <span class='ocrx_word' id='word_1_267' title='bbox 842 4035 953 4123; x_wconf 86' lang='lat' dir='ltr'><strong>potest</strong></span> <span class='ocrx_word' id='word_1_268' title='bbox 974 4028 1103 4122; x_wconf 88' lang='lat' dir='ltr'><strong>quibus</strong></span> <span class='ocrx_word' id='word_1_269' title='bbox 1126 4050 1191 4101; x_wconf 91' lang='lat' dir='ltr'><strong>uos</strong></span> <span class='ocrx_word' id='word_1_270' title='bbox 1205 4050 1254 4101; x_wconf 85' lang='lat' dir='ltr'><strong>ex</strong></span> <span class='ocrx_word' id='word_1_271' title='bbox 1272 4029 1515 4103; x_wconf 87' lang='lat' dir='ltr'><strong>constitutione</strong></span> <span class='ocrx_word' id='word_1_272' title='bbox 1533 4027 1653 4103; x_wconf 84' lang='lat' dir='ltr'><strong>diuina</strong></span> <span class='ocrx_word' id='word_1_273' title='bbox 1672 4022 1885 4121; x_wconf 77' lang='lat' dir='ltr'><strong>preficimur3</strong></span> <span class='ocrx_word' id='word_1_274' title='bbox 1909 4022 2019 4114; x_wconf 88' lang='lat' dir='ltr'><strong>impe·</strong></span> 
     </span>
     <span class='ocr_line' id='line_1_29' title="bbox 616 4143 2019 4247; baseline -0.008 -24"><span class='ocrx_word' id='word_1_275' title='bbox 616 4151 807 4223; x_wconf 87' lang='lat' dir='ltr'><strong>rialisveru</strong></span> <span class='ocrx_word' id='word_1_276' title='bbox 828 4152 978 4245; x_wconf 87' lang='lat' dir='ltr'><strong>potentia</strong></span> <span class='ocrx_word' id='word_1_277' title='bbox 993 4174 1041 4224; x_wconf 81' lang='lat' dir='ltr'><strong>ex</strong></span> <span class='ocrx_word' id='word_1_278' title='bbox 1057 4153 1130 4225; x_wconf 92' lang='lat' dir='ltr'><strong>sola</strong></span> <span class='ocrx_word' id='word_1_279' title='bbox 1151 4152 1374 4247; x_wconf 88' lang='lat' dir='ltr'><strong>usurpatione</strong></span> <span class='ocrx_word' id='word_1_280' title='bbox 1389 4154 1425 4225; x_wconf 92' lang='lat' dir='ltr'><strong>iu</strong></span> <span class='ocrx_word' id='word_1_281' title='bbox 1440 4150 1639 4245; x_wconf 89' lang='lat' dir='ltr'><strong>hujusmodi</strong></span> <span class='ocrx_word' id='word_1_282' title='bbox 1657 4150 1696 4224; x_wconf 90' lang='lat' dir='ltr'><strong>iu</strong></span> <span class='ocrx_word' id='word_1_283' title='bbox 1722 4146 1884 4240; x_wconf 89' lang='lat' dir='ltr'><strong>iujuriam</strong></span> <span class='ocrx_word' id='word_1_284' title='bbox 1909 4143 2019 4217; x_wconf 85' lang='lat' dir='ltr'><strong>divini</strong></span> 
     </span>
     <span class='ocr_line' id='line_1_30' title="bbox 618 4265 2021 4371; baseline -0.007 -22"><span class='ocrx_word' id='word_1_285' title='bbox 618 4276 767 4349; x_wconf 92' lang='lat' dir='ltr'><strong>nominis</strong></span> <span class='ocrx_word' id='word_1_286' title='bbox 783 4275 966 4371; x_wconf 87' lang='lat' dir='ltr'><strong>aliquoties</strong></span> <span class='ocrx_word' id='word_1_287' title='bbox 988 4275 1198 4369; x_wconf 89' lang='lat' dir='ltr'><strong>dominatur,</strong></span> <span class='ocrx_word' id='word_1_288' title='bbox 1225 4278 1261 4349; x_wconf 93' lang='lat' dir='ltr'><strong>in</strong></span> <span class='ocrx_word' id='word_1_289' title='bbox 1278 4298 1321 4351; x_wconf 90' lang='lat' dir='ltr'><strong>eo</strong></span> <span class='ocrx_word' id='word_1_290' title='bbox 1341 4278 1510 4351; x_wconf 88' lang='lat' dir='ltr'><strong>rhetorico</strong></span> <span class='ocrx_word' id='word_1_291' title='bbox 1533 4277 1648 4352; x_wconf 84' lang='lat' dir='ltr'><strong>locutu</strong></span> <span class='ocrx_word' id='word_1_292' title='bbox 1667 4273 1779 4347; x_wconf 88' lang='lat' dir='ltr'><strong>colore</strong></span> <span class='ocrx_word' id='word_1_293' title='bbox 1802 4268 1898 4365; x_wconf 90' lang='lat' dir='ltr'><strong>quod</strong></span> <span class='ocrx_word' id='word_1_294' title='bbox 1927 4265 2021 4362; x_wconf 84' lang='lat' dir='ltr'><strong>apud</strong></span> 
     </span>
     <span class='ocr_line' id='line_1_31' title="bbox 616 4390 2020 4495; baseline -0.008 -24"><span class='ocrx_word' id='word_1_295' title='bbox 616 4419 716 4494; x_wconf 78' lang='lat' dir='ltr'><strong>reges</strong></span> <span class='ocrx_word' id='word_1_296' title='bbox 740 4408 908 4471; x_wconf 88' lang='lat' dir='ltr'><strong>terrarum</strong></span> <span class='ocrx_word' id='word_1_297' title='bbox 930 4408 965 4472; x_wconf 89' lang='lat' dir='ltr'><strong>et</strong></span> <span class='ocrx_word' id='word_1_298' title='bbox 985 4399 1155 4495; x_wconf 86' lang='lat' dir='ltr'><strong>principes</strong></span> <span class='ocrx_word' id='word_1_299' title='bbox 1176 4400 1222 4472; x_wconf 92' lang='lat' dir='ltr'><strong>de</strong></span> <span class='ocrx_word' id='word_1_300' title='bbox 1241 4400 1392 4473; x_wconf 77' lang='lat' dir='ltr'><strong>Ecclesia</strong></span> <span class='ocrx_word' id='word_1_301' title='bbox 1411 4420 1481 4495; x_wconf 90' lang='lat' dir='ltr'><strong>que</strong></span> <span class='ocrx_word' id='word_1_302' title='bbox 1503 4395 1737 4493; x_wconf 91' lang='lat' dir='ltr'><strong>usquemodo</strong></span> <span class='ocrx_word' id='word_1_303' title='bbox 1756 4414 1827 4467; x_wconf 91' lang='lat' dir='ltr'><strong>uon</strong></span> <span class='ocrx_word' id='word_1_304' title='bbox 1845 4390 2020 4465; x_wconf 92' lang='lat' dir='ltr'><strong>modicum</strong></span> 
     </span>
     <span class='ocr_line' id='line_1_32' title="bbox 619 4512 2022 4618; baseline -0.009 -24"><span class='ocrx_word' id='word_1_305' title='bbox 619 4522 788 4618; x_wconf 88' lang='lat' dir='ltr'><strong>imperiali</strong></span> <span class='ocrx_word' id='word_1_306' title='bbox 806 4521 957 4617; x_wconf 87' lang='lat' dir='ltr'><strong>pepercit</strong></span> <span class='ocrx_word' id='word_1_307' title='bbox 974 4520 1109 4614; x_wconf 91' lang='lat' dir='ltr'><strong>honori,</strong></span> <span class='ocrx_word' id='word_1_308' title='bbox 1129 4533 1163 4595; x_wconf 89' lang='lat' dir='ltr'><strong>te</strong></span> <span class='ocrx_word' id='word_1_309' title='bbox 1180 4522 1418 4617; x_wconf 89' lang='lat' dir='ltr'><strong>depositurum</strong></span> <span class='ocrx_word' id='word_1_310' title='bbox 1440 4522 1612 4618; x_wconf 88' lang='lat' dir='ltr'><strong>querelas,</strong></span> <span class='ocrx_word' id='word_1_311' title='bbox 1626 4516 1835 4614; x_wconf 87' lang='lat' dir='ltr'><strong>quibusdam</strong></span> <span class='ocrx_word' id='word_1_312' title='bbox 1851 4512 1946 4609; x_wconf 91' lang='lat' dir='ltr'><strong>apud</strong></span> <span class='ocrx_word' id='word_1_313' title='bbox 1961 4530 2022 4582; x_wconf 88' lang='lat' dir='ltr'><strong>eos</strong></span> 
     </span>
    </p>
   </div>
   <div class='ocr_carea' id='block_1_3' title="bbox 616 4636 2024 4865">
    <p class='ocr_par' dir='ltr' id='par_1_3' title="bbox 616 4636 2024 4865">
     <span class='ocr_line' id='line_1_33' title="bbox 616 4636 2018 4745; baseline -0.007 -26"><span class='ocrx_word' id='word_1_314' title='bbox 616 4648 687 4740; x_wconf 87' lang='lat' dir='ltr'><strong>jam</strong></span> <span class='ocrx_word' id='word_1_315' title='bbox 705 4645 883 4741; x_wconf 89' lang='lat' dir='ltr'><strong>depositis,</strong></span> <span class='ocrx_word' id='word_1_316' title='bbox 897 4646 1305 4721; x_wconf 88' lang='lat' dir='ltr'><strong>comminaris.Premissa</strong></span> <span class='ocrx_word' id='word_1_317' title='bbox 1318 4670 1457 4743; x_wconf 91' lang='lat' dir='ltr'><strong>quoque</strong></span> <span class='ocrx_word' id='word_1_318' title='bbox 1468 4656 1787 4745; x_wconf 87' lang='lat' dir='ltr'><strong>quantumcumque</strong></span> <span class='ocrx_word' id='word_1_319' title='bbox 1802 4642 1871 4713; x_wconf 90' lang='lat' dir='ltr'><strong>siut</strong></span> <span class='ocrx_word' id='word_1_320' title='bbox 1886 4636 2018 4733; x_wconf 63' lang='lat' dir='ltr'><strong>gravia</strong></span> 
     </span>
     <span class='ocr_line' id='line_1_34' title="bbox 619 4759 2024 4865; baseline 0.001 -24"><span class='ocrx_word' id='word_1_321' title='bbox 619 4780 938 4865; x_wconf 84' lang='lat' dir='ltr'><strong>quantumcumque</strong></span> <span class='ocrx_word' id='word_1_322' title='bbox 965 4791 986 4844; x_wconf 86' lang='lat' dir='ltr'><strong>a</strong></span> <span class='ocrx_word' id='word_1_323' title='bbox 1009 4772 1099 4864; x_wconf 90' lang='lat' dir='ltr'><strong>juris</strong></span> <span class='ocrx_word' id='word_1_324' title='bbox 1124 4772 1260 4845; x_wconf 89' lang='lat' dir='ltr'><strong>tramite</strong></span> <span class='ocrx_word' id='word_1_325' title='bbox 1283 4773 1352 4847; x_wconf 91' lang='lat' dir='ltr'><strong>sint</strong></span> <span class='ocrx_word' id='word_1_326' title='bbox 1377 4783 1528 4864; x_wconf 78' lang='lat' dir='ltr'><strong>mmota,</strong></span> <span class='ocrx_word' id='word_1_327' title='bbox 1554 4770 1687 4846; x_wconf 86' lang='lat' dir='ltr'><strong>minora</strong></span> <span class='ocrx_word' id='word_1_328' title='bbox 1713 4777 1827 4845; x_wconf 66' lang='lat' dir='ltr'><strong>umen</strong></span> <span class='ocrx_word' id='word_1_329' title='bbox 1852 4764 1889 4838; x_wconf 83' lang='lat' dir='ltr'><strong>in</strong></span> <span class='ocrx_word' id='word_1_330' title='bbox 1914 4759 2024 4837; x_wconf 69' lang='lat' dir='ltr'><strong>oculit</strong></span> 
     </span>
    </p>
   </div>
   <div class='ocr_carea' id='block_1_4' title="bbox 0 0 2468 6356">
    <p class='ocr_par' dir='ltr' id='par_1_4' title="bbox 0 0 2468 6356">
     <span class='ocr_line' id='line_1_35' title="bbox 0 0 2468 6356; baseline 0 0"><span class='ocrx_word' id='word_1_331' title='bbox 0 0 2468 6356; x_wconf 95' lang='lat' dir='ltr'><strong> </strong></span> 
     </span>
    </p>
   </div>
  </div>
 </body>
</html>
