4859 6359
405 779 505 841 turc.
524 778 586 857 ltt]
855 774 1051 838 tttstottta
1075 777 1368 842 nlnnonnatca.
1752 778 1813 843 919

405 914 442 985 in
461 912 625 1003 excelsis,
645 911 783 1007 proprie
803 911 940 985 ruinam
961 912 1170 987 conscientie
1195 922 1353 987 metuens
1378 914 1567 1006 avolasses,
1589 936 1670 988 cum
1690 936 1811 1011 regum

406 1037 495 1111 colla
507 1046 544 1111 et
558 1035 756 1133 principum
773 1035 929 1108 submitti
951 1036 1073 1110 videas
1088 1037 1237 1131 genibus
1250 1037 1482 1130 sacerdotum,
1500 1048 1535 1111 et
1550 1038 1728 1113 christiani
1745 1042 1812 1113 im·

407 1169 582 1257 peratores
598 1159 749 1234 subdere
765 1159 915 1235 debeam
930 1161 1153 1235 executiones
1166 1184 1249 1237 suas
1264 1184 1334 1236 non
1349 1166 1460 1237 solnm
1473 1164 1628 1237 Romano
1642 1163 1810 1260 pontifici,

406 1286 492 1379 quin
518 1284 622 1358 edam
641 1284 719 1358 aliis
738 1283 934 1379 presulibus
951 1305 1021 1357 non
1039 1287 1212 1381 preferre,
1236 1308 1370 1361 necnon
1388 1288 1555 1361 Dominus
1572 1286 1695 1361 &dem
1714 1286 1813 1383 Apo-

409 1409 577 1497 stolicam,
597 1410 698 1503 cujus
710 1407 845 1502 judicio
859 1408 977 1481 orbem
993 1418 1160 1483 tammum
1174 1410 1314 1503 subjicit
1331 1410 1367 1482 in
1383 1411 1526 1483 occultis
1546 1419 1581 1483 et
1602 1411 1810 1501 manifestis,

406 1533 589 1606 aneminc
612 1531 840 1625 iudicandam
863 1533 928 1606 soli
952 1554 1018 1607 suo
1041 1534 1176 1627 judicic
1203 1535 1397 1608 reservarit.
1429 1534 1474 1606 rlt
1501 1535 1651 1608 lortaesis
1677 1537 1814 1630 ignoras

406 1655 503 1751 quod
528 1658 598 1731 Ora
631 1666 741 1730 morte
770 1656 961 1753 percutitur
987 1679 1030 1731 ec
1057 1658 1154 1754 quod
1180 1680 1296 1732 arcam
1326 1658 1460 1731 Domini
1487 1658 1685 1732 inclinatam
1709 1682 1813 1734 manu

407 1781 588 1855 temeraria
610 1782 780 1855 sustinere
808 1782 1010 1873 conabatur,
1034 1792 1071 1855 ct
1098 1784 1210 1857 tribue
1243 1784 1373 1857 Chaath
1401 1805 1470 1878 que
1494 1806 1579 1857 vasa
1602 1785 1813 1857 tabernaculi

408 1905 555 2002 propriis
577 1905 733 1979 involuta
749 1905 907 2002 pertubat
923 1906 1100 1999 humeris,
1119 1909 1262 2004 paribus
1280 1908 1453 1981 addicitur
1467 1906 1691 2002 detrimentis,
1713 1910 1742 1981 si
1761 1920 1813 1982 ta·

407 2030 633 2104 bernaculum
648 2030 756 2103 solius
772 2029 888 2105 Aaron
905 2030 1120 2127 dispositioni
1136 2032 1359 2106 commissum
1377 2031 1515 2124 ingredi
1532 2034 1587 2106 vel
1604 2055 1689 2106 vasa
1708 2054 1815 2107 sanc-

407 2154 510 2229 tuarii
532 2154 735 2249 priusquam
754 2154 909 2229 involuta
928 2156 1055 2229 locunt
1075 2158 1147 2229 alla
1170 2156 1367 2229 curiositate
1385 2154 1514 2230 audeat
1535 2156 1682 2229 intueri?
1701 2158 1814 2243 Quare

407 2279 439 2352 ei
467 2290 502 2351 te
518 2280 566 2352 ad
589 2280 722 2353 notoria
738 2280 829 2353 laeta
846 2290 907 2354 tua
921 2280 1132 2377 speculanda
1150 2279 1355 2373 reduceres,
1378 2300 1449 2353 non
1470 2280 1582 2352 solum
1613 2278 1658 2353 de
1675 2289 1810 2368 nostre,

408 2404 512 2477 immo
524 2402 684 2498 judicare
697 2403 744 2479 de
756 2404 966 2478 conscientia
985 2405 1091 2479 etiam
1106 2404 1291 2498 cujuslibet
1309 2405 1361 2476 tui
1375 2404 1506 2477 subditi
1523 2403 1709 2477 dubitares.
1726 2406 1816 2500 Ergo

407 2527 554 2623 quiade
574 2528 783 2603 conscientie
804 2529 919 2624 agitur
941 2538 981 2601 nt
1006 2538 1124 2603 contm
1149 2529 1395 2603 conscientiam
1421 2528 1614 2601 secundum
1641 2529 1816 2603 conscien-

408 2651 490 2725 tiam
511 2652 732 2749 procedatur,
751 2674 832 2727 cum
850 2662 965 2726 nostre
987 2654 1108 2727 luisset
1130 2653 1338 2726 conscientie
1358 2652 1530 2747 liquidum
1551 2651 1647 2746 quod
1669 2652 1714 2726 de
1735 2655 1816 2728 red-

408 2775 533 2850 dendis
562 2777 837 2872 possessionibus
870 2778 1025 2852 Ecclesia
1054 2778 1208 2850 Romane
1240 2776 1286 2851 ad
1316 2786 1348 2850 te
1377 2776 1660 2873 pervenientibus
1688 2778 1817 2872 pluries

407 2901 603 2996 prestitesse
613 2903 861 2995 juramentum,
877 2924 948 2976 non
963 2901 1150 2976 videbatur
1164 2922 1241 2975 esse
1255 2901 1339 2974 boni
1358 2899 1454 2973 filiia
1474 2909 1569 2995 patre
1585 2908 1701 2994 petere
1721 2903 1816 2995 quod

408 3046 474 3098 nec
503 3027 601 3099 salva
634 3026 843 3101 conscientia
868 3036 1005 3124 poteras
1030 3026 1204 3117 detinere,
1232 3046 1275 3098 eo
1300 3023 1396 3119 quod
1426 3044 1490 3096 uec
1515 3022 1666 3095 Ecclesia
1691 3024 1814 3095 vitium

407 3150 587 3244 spoliantis
604 3150 787 3224 incurrerit
805 3151 861 3224 cui
885 3150 1066 3225 commoda
1084 3151 1140 3223 sui
1155 3150 1244 3243 juris
1260 3149 1509 3223 constitutionis
1532 3147 1739 3221 beneficium
1758 3149 1815 3220 io-

409 3284 506 3369 tegra
521 3276 725 3348 reservavit.
746 3277 818 3349 Nec
839 3285 891 3349 est
906 3274 1094 3350 verisimile
1110 3276 1146 3347 in
1164 3274 1230 3348 hac
1249 3282 1345 3370 parte
1363 3294 1427 3345 nos
1452 3274 1592 3345 lratrum
1624 3283 1815 3345 nostrorum

409 3400 588 3473 consilinm
602 3399 822 3496 despexisse,
843 3422 923 3473 cum
938 3422 1044 3496 super
1066 3400 1133 3473 boc
1153 3400 1265 3471 nuntii
1292 3398 1343 3470 tui
1368 3398 1543 3493 inceptum
1569 3398 1731 3493 prosequi
1753 3420 1818 3470 vo-

410 3525 553 3598 luissent
568 3524 762 3618 judicium,
789 3532 824 3595 et
847 3524 927 3599 ideo
951 3523 1107 3598 nondum
1133 3532 1207 3597 erat
1228 3522 1264 3595 in
1289 3522 1344 3595 his
1361 3544 1481 3596 eorum
1500 3520 1680 3593 consilium
1698 3522 1818 3615 requi-

409 3649 569 3722 rendum.
588 3650 670 3721 Esto
692 3656 845 3744 preterea
860 3648 956 3744 quod
977 3648 1131 3722 ecclesiis
1151 3670 1231 3721 cum
1258 3647 1473 3744 principibus
1490 3656 1703 3741 permutare,
1730 3646 1818 3718 sicut

410 3775 448 3846 iu
477 3776 547 3848 tuis
563 3770 712 3873 [litteris]
731 3772 991 3846 excusadonem
1014 3774 1165 3868 allegas,
1187 3780 1338 3866 auoque
1359 3774 1440 3865 jure
1464 3769 1675 3843 conceditur.
1697 3770 1818 3864 inique

407 3910 524 3972 amen
540 3897 587 3972 ad
603 3899 806 3973 damnosam
827 3906 863 3970 et
886 3918 956 3971 non
980 3898 1211 3970 voluntariam
1229 3896 1428 3989 hujusmodi
1455 3896 1717 3968 celebrationem
1735 3916 1818 3967 con·

410 4032 601 4116 tractuum,
620 4022 800 4121 presertim
813 4021 889 4095 eine
905 4022 1093 4118 superioris
1105 4042 1246 4095 assensu
1261 4034 1298 4093 et
1309 4032 1428 4093 contra
1438 4021 1671 4111 jurameutum
1686 4019 1731 4093 de
1748 4042 1817 4092 non

411 4146 603 4221 alienandis
633 4146 876 4220 ecclesiasticis
904 4146 1179 4242 possessionibus
1209 4166 1299 4239 quas
1325 4166 1388 4241 pro
1411 4143 1603 4216 animarum
1629 4144 1740 4216 salute
1763 4166 1816 4217 re·

411 4271 509 4344 lictae
524 4272 577 4343 sic
593 4271 786 4345 alienantes
804 4280 840 4343 et
854 4270 1059 4365 recipientes
1077 4270 1246 4365 sacrilegii
1266 4270 1395 4341 crimen
1417 4269 1612 4356 incurrunt,
1639 4268 1818 4362 prestitum

411 4398 682 4493 compelluntur,
700 4396 783 4492 quia
803 4394 901 4492 quod
917 4395 954 4467 in
971 4395 1194 4469 ecclesiarum
1217 4396 1370 4468 favorem
1392 4395 1471 4486 jure
1494 4392 1701 4489 permittitur
1722 4390 1815 4483 fieri,

409 4542 480 4594 non
496 4521 601 4595 debet
619 4520 667 4595 ad
683 4521 848 4595 lesionem
865 4542 983 4593 earum
1003 4542 1066 4615 per
1083 4519 1246 4612 injuriam
1272 4518 1472 4611 retorqueri.
1490 4518 1571 4589 Esto
1587 4516 1683 4610 quod
1701 4517 1817 4611 aliqua

409 4645 580 4721 beneficia
609 4647 769 4720 vacantia
796 4646 971 4737 conimas,
993 4655 1034 4718 ut
1059 4666 1177 4719 curam
1203 4654 1317 4716 tamen
1339 4642 1532 4715 animarum
1555 4641 1623 4713 illis
1644 4662 1818 4713 annexam

410 4772 623 4846 committere
641 4774 760 4846 valcas
769 4772 828 4865 jus
851 4770 1029 4867 spirituale
1045 4768 1142 4865 qnod
1157 4788 1226 4841 non
1244 4767 1337 4840 cadit
1358 4768 1393 4838 in
1412 4766 1536 4838 tarcum
1554 4785 1623 4837 uon
1642 4764 1817 4859 permittit,

412 4905 447 4969 et
463 4897 499 4968 in
515 4896 629 4971 locum
646 4896 839 4971 vivendum
859 4917 946 4992 quos
964 4916 986 4970 a
1005 4893 1117 4989 gradu
1140 4915 1204 4968 suo
1230 4914 1294 4965 nec
1313 4891 1451 4988 proprie
1475 4891 1577 4986 culpa
1601 4910 1665 4964 nec
1688 4890 1742 4963 sui
1763 4890 1819 4982 ju-
