4859 6359
404 736 504 795 barm.
519 730 561 815 a]
858 727 1060 789 HISTORIA
1083 724 1378 789 olebonniae
1762 725 1822 789 599

403 866 608 941 mandatum
631 873 803 961 augeatur
827 870 863 937 et
879 884 944 937 nos
958 884 1065 961 super
1081 862 1151 937 hiis
1173 862 1349 957 possimus
1365 868 1460 933 tuem
1484 858 1698 952 diligentiam
1721 880 1820 934 oom-

405 991 586 1065 meudare.
911 1092 915 1101 ³

453 1118 581 1191 Datum
597 1112 693 1211 apud
706 1108 942 1205 Geilinbusin,
961 1112 1006 1185 111
1024 1110 1105 1186 idue
1113 1109 1283 1207 ianuarii,
1302 1108 1490 1183 indictione
1504 1108 1573 1181 vr.

651 1424 733 1435 —-
741 1421 1540 1435 mmmm—‘o-
1551 1420 1571 1429 a

460 1701 666 1809 Henricus,
690 1700 951 1785 Romanorum
973 1725 1065 1807 rex,
1087 1698 1270 1783 fratibus
1296 1701 1436 1785 domus
1461 1699 1755 1786 teutonicorum
1780 1702 1822 1787 in
1844 1768 1887 1812 or
1904 1714 1969 1771 ψ
2006 1800 2013 1822 ‚

408 1832 635 1945 Nurenberg
652 1832 858 1917 emtionem
875 1833 1119 1944 praediorum
1136 1832 1178 1914 in
1196 1832 1425 1942 llaplesdorf
1438 1843 1476 1917 et
1491 1832 1638 1941 Urach‚
1667 1859 1691 1916 a
1709 1860 1822 1920 socru
1860 1824 1887 1867 ¹⁸
1897 1823 1934 1867 ω

411 1966 601 2050 Craitonis
624 1968 672 2050 de
696 1965 791 2050 Lare
818 1965 875 2048 illi
897 1965 1159 2074 renditomm‚
1185 1964 1227 2046 in
1252 1966 1466 2075 praesentia
1490 1993 1560 2049 sua
1590 1965 1752 2075 faciem,
1776 1994 1824 2053 ex

408 2099 643 2209 plenitudine
660 2100 778 2185 totius
794 2098 943 2183 consilii
961 2098 1022 2183 sui
1038 2098 1253 2183 confirmat.

491 2326 588 2410 (Edit.
603 2330 634 2389 ln
647 2328 776 2391 Mem
792 2328 891 2407 Boia,
909 2334 983 2391 tom.
997 2330 1095 2401 xllx,
1109 2344 1181 2407 pars
1192 2330 1231 2407 1¹,
1245 2344 1278 2407 p.
1290 2335 1362 2402 aee,
1376 2326 1411 2387 n·
1425 2335 1500 2402 tio,
1514 2343 1553 2389 ex
1565 2328 1721 2406 originali,
1742 2328 1823 2391 unde

528 2434 658 2515 nmium
670 2434 733 2497 lere
743 2436 891 2517 iubarum
903 2440 935 2497 et
948 2434 1025 2497 bene
1036 2450 1208 2515 expromam
1221 2434 1370 2513 appendet
1385 2449 1423 2495 ex
1434 2432 1494 2495 illis
1510 2435 1612 2497 eartcle
1629 2434 1714 2496 rubri
1726 2441 1757 2497 et
1775 2438 1824 2498 ri·

531 2539 607 2601 ridle
618 2538 750 2619 coloris.)

460 2738 642 2813 Heinrieus
650 2738 830 2836 septimus,
847 2738 968 2813 divina
984 2739 1121 2811 larente
1133 2738 1314 2812 clementia
1323 2739 1554 2813 Romanorum
1568 2762 1631 2813 rex
1641 2751 1676 2814 et
1689 2764 1825 2839 semper

412 2874 600 2958 augustus,
625 2863 797 2936 universis
822 2862 858 2935 in
884 2872 1102 2959 perpetuum.
1124 2862 1260 2948 Quooto
1281 2864 1402 2937 iratres
1419 2864 1544 2937 domus
1561 2866 1825 2940 Teutonioorum

412 2987 557 3062 devotos
573 2998 707 3063 nostros
724 2989 760 3060 in
782 2987 934 3085 ipsorum
957 2988 1196 3085 empcionibus
1213 2988 1419 3081 solidemus,
1449 2997 1543 3061 tanto
1559 2990 1774 3085 propensiori
1791 3003 1827 3065 et

413 3112 565 3185 uberiori
580 3112 696 3186 studio
707 3112 801 3209 ipsos
820 3111 867 3185 ad
881 3120 1034 3186 nostrum
1050 3121 1084 3186 et
1101 3111 1237 3208 imperii
1257 3112 1463 3209 obsequium
1477 3113 1677 3187 invitamus.
1699 3114 1827 3188 Memi-

413 3237 528 3310 nerint
543 3236 647 3331 igitur
670 3247 847 3333 presentes
870 3244 906 3309 et
934 3236 1040 3309 futuri
1063 3235 1159 3332 quod
1176 3256 1297 3309 socrus
1311 3235 1479 3309 maeonis
1497 3234 1543 3308 de
1563 3236 1649 3308 Lare
1667 3236 1826 3311 vendidit

414 3382 495 3433 cnm
521 3361 615 3435 omui
635 3362 715 3455 jure
736 3360 901 3435 iratribus
919 3360 1045 3434 domus
1070 3360 1335 3435 Teutonicomm
1355 3360 1393 3432 in
1416 3360 1640 3434 Nuorenberc
1667 3358 1738 3435 dno
1763 3385 1828 3438 sua

414 3484 552 3581 predia,
574 3508 683 3558 unum
700 3486 805 3558 situm
823 3484 859 3557 in
874 3484 1084 3581 Kaplesdorl
1097 3495 1131 3559 et
1147 3486 1294 3558 alterum
1310 3485 1415 3557 situm
1431 3484 1467 3555 in
1483 3484 1615 3576 Uracb‚
1635 3498 1671 3558 et
1688 3487 1828 3583 nosipsi

415 3607 613 3683 vendicioni
635 3617 669 3681 et
684 3606 848 3704 emptioni
868 3606 1092 3680 adhibuimus
1113 3616 1148 3680 et
1168 3608 1374 3681 adhibemus
1393 3608 1533 3703 plenum
1549 3629 1729 3682 assensum
1745 3632 1826 3685 nos·

417 3744 521 3826 trum,
540 3754 620 3805 cum
634 3732 670 3804 in
683 3732 856 3829 presentia
870 3742 984 3806 nostra
995 3732 1083 3805 iacta
1101 3732 1216 3823 luerit,
1235 3742 1270 3805 et
1284 3755 1345 3829 per
1359 3755 1482 3806 manos
1496 3744 1629 3806 nostras
1644 3745 1735 3808 etex
1751 3738 1828 3834 ple·

416 3856 575 3931 nitndine
585 3858 698 3931 tocius
710 3857 817 3931 nostri
832 3856 963 3929 consilii
978 3857 1089 3953 ipsam
1098 3856 1306 3953 emptionem
1314 3857 1427 3931 eidem
1436 3855 1557 3929 domui
1570 3856 1827 3955 confirmamus,

417 3992 454 4055 ut
468 3984 506 4056 in
519 3994 726 4080 perpetuum
743 3982 817 4077 ipsa
836 3982 929 4055 bona
947 3981 1121 4077 possideat
1135 4004 1214 4053 curn
1230 3981 1391 4054 omnibus
1408 3980 1625 4079 adpendiciis
1638 3985 1712 4057 suis
1727 3986 1830 4081 pleno

414 4107 506 4199 jure.
525 4108 580 4181 Ad
606 4107 853 4180 removendam
878 4106 985 4197 igitur
1002 4127 1141 4179 omnem
1161 4106 1424 4200 ambiguitatem
1444 4127 1514 4200 qne
1538 4106 1686 4182 suboriri
1707 4110 1830 4204 poterit

420 4238 556 4327 propter
570 4238 763 4324 temporum
779 4230 964 4303 decursum
991 4240 1026 4303 et
1042 4230 1179 4303 labilem
1204 4230 1383 4303 bominum
1399 4232 1616 4320 memoriam,
1638 4244 1830 4327 presentem

419 4354 565 4427 litteram
577 4364 764 4428 memorate
778 4354 897 4428 domui
910 4352 1120 4426 indulsimus
1131 4354 1236 4447 sigilli
1248 4355 1352 4427 nostri
1364 4355 1555 4427 munimine
1569 4359 1827 4431 communitam.

465 4478 584 4550 Testes
598 4478 738 4551 sunthii
752 4504 760 4549 :
774 4479 877 4551 irater
892 4477 1072 4552 Cunradus
1091 4477 1137 4551 de
1153 4478 1366 4565 llliebelrelt,
1387 4478 1577 4551 lluodolfus
1592 4479 1694 4551 frater
1710 4480 1833 4579 bospi-

420 4602 496 4675 telis
518 4601 633 4674 Sancti
656 4601 839 4694 lobannis,
868 4602 1079 4676 Ludewicus
1110 4601 1156 4677 de
1181 4603 1377 4692 Olienhein‚
1407 4602 1585 4698 Lupoldus
1604 4606 1768 4679 scultetus
1795 4608 1833 4681 in

421 4726 634 4819 lietenbure,
664 4726 801 4801 Sebade
819 4726 865 4800 de
878 4728 981 4819 Lare,
999 4728 1119 4801 Kralto
1133 4725 1179 4799 de
1190 4728 1291 4817 Lare,
1305 4726 1421 4802 Alwio
1434 4728 1612 4819 scultetus,
1628 4729 1836 4806 Eberwinns

424 4850 458 4921 in
474 4848 688 4945 Retenbure,
716 4850 902 4925 Cunradus
917 4851 1137 4946 buttiglarius
1156 4850 1192 4923 in
1209 4850 1446 4945 Nuorenberc,
1473 4852 1656 4926 Cunradus
1673 4854 1836 4949 bigenot‚
