4859 6359
408 832 507 895 lentur.
522 830 570 911 6.]
859 830 1058 894 HISTORIA
1082 827 1379 893 ulrtomerrce.
1764 824 1823 887 till

390 946 654 1059 subnotantur,
679 986 771 1039 anno
797 964 843 1039 ab
864 964 1098 1040 incarnatione
1122 965 1261 1039 Domini
1287 962 1471 1036 millesimo
1497 960 1733 1035 ducentesimo
1752 940 1822 1033 tri-

407 1090 536 1166 oeeimo
555 1080 668 1183 tertio,
686 1090 778 1163 vnn
795 1088 962 1164 kalendas
974 1090 1075 1185 maii,
1096 1088 1287 1163 indictione
1302 1094 1414 1160 sexta.

453 1214 668 1289 wernherus
689 1213 862 1307 decanus,
890 1214 1023 1287 Uirious
1047 1213 1301 1305 thesaurarius,
1325 1209 1492 1284 Lutoldus
1517 1208 1563 1283 de
1586 1210 1733 1284 Rotellin
1761 1231 1822 1283 ar·

406 1337 650 1429 chidiaoonus,
677 1337 899 1412 Burchardus
923 1337 970 1412 de
988 1338 1132 1413 Castalio
1159 1338 1347 1412 eanonicus
1368 1335 1514 1409 ecclesie
1537 1334 1819 1429 constantiensis,

405 1462 629 1537 Eberhardus
648 1462 786 1559 dapifer
805 1461 851 1537 de
870 1452 1065 1559 Walpurg,
1080 1462 1261 1536 Heinrieus
1282 1460 1329 1535 de
1347 1461 1595 1555 Ravenspurg,
1614 1456 1820 1553 liudolphus

404 1586 600 1682 Faveberg,
633 1588 814 1661 Heinrious
840 1586 887 1661 de
913 1587 1132 1683 Gieeliugen,
1164 1586 1383 1659 dermannus
1412 1580 1459 1658 d'e
1488 1582 1667 1674 Credona,
1695 1591 1731 1655 et
1758 1582 1818 1655 alii

406 1711 640 1807 quamplures.

645 2036 1589 2049 ’mc-*affl

459 2316 666 2424 Henrious,
686 2316 946 2400 Romanorum
976 2339 1065 2421 rex,
1084 2315 1287 2398 eonveutni
1314 2314 1499 2400 Omnium
1526 2312 1753 2399 Senatorum
1779 2316 1821 2397 in

408 2448 526 2561 Nigra
543 2448 660 2560 Sylva
681 2448 828 2533 oouiert
844 2448 947 2533 bonu
969 2446 1161 2559 quaedem
1187 2448 1229 2529 in
1255 2446 1454 2558 privilegio
1474 2449 1694 2557 nominate,
1723 2469 1823 2561 quae

408 2581 636 2667 Bertholdus
653 2582 703 2665 de
717 2580 964 2667 Wintarbuch
983 2608 1007 2664 a
1025 2606 1067 2665 se
1083 2580 1124 2663 in
1147 2578 1307 2665 feudum
1325 2582 1489 2667 tenebat.

487 2796 667 2887 (Memorat.
678 2814 729 2877 np.
742 2796 903 2875 Bonnnn,
914 2796 1028 2880 seper.
1038 2796 1153 2879 imper,
1167 2814 1199 2879 p.
1211 2805 1325 2874 2⁴⁴,u0
1339 2805 1411 2879 298,
1422 2812 1462 2859 ex
1474 2802 1661 2877 nmsnmpro
1672 2798 1824 2879 qumtan

524 2920 544 2966 a
559 2903 735 2967 Grandldter
748 2910 868 2969 exarato
880 2910 910 2969 et
922 2920 1004 2970 nuno
1018 2905 1097 2969 inter
1108 2904 1265 2972 momen
1277 2905 1395 2969 cimelia
1406 2905 1550 2987 serrato.)

454 3094 581 3167 Datum
610 3092 707 3189 apud
734 3094 955 3189 Hagenowe,
987 3116 1079 3169 anno
1106 3092 1279 3169 dominioe
1303 3094 1549 3169 incarnationis
1572 3092 1818 3188 Mccxxxln,

409 3217 468 3289 Xll
483 3216 651 3291 kalendas
662 3218 772 3313 junii,
798 3216 986 3293 indictione
1001 3220 1060 3292 Vl.

627 3526 1599 3539 ffl--n—-n——an—--n—u-—u-

459 3801 661 3913 Henrieus,
680 3804 941 3889 Romanorum
959 3828 1042 3913 rex,
1062 3802 1162 3888 cives
1180 3804 1396 3914 spirenses,
1412 3802 1462 3885 ed
1478 3802 1699 3913 petitionem
1717 3804 1820 3889 Con-

406 3936 491 4018 radi
532 3936 722 4047 Spirensis
759 3938 948 4049 episeopi,
984 3938 1034 4023 ab
1070 3936 1265 4022 exactione
1299 3936 1464 4022 thelonei
1499 3938 1541 4019 iu
1581 3938 1819 4049 Oppenheim

402 4064 552 4151 liberat.

475 4244 567 4357 (Edit.
582 4298 632 4361 ap.
646 4284 813 4361 Iunumn,
827 4282 996 4367 Spryrtrcle
1008 4281 1155 4363 carmel,
1169 4302 1200 4365 p.
1211 4294 1329 4353 ess-
1341 4285 1458 4363 Lunro,
1472 4284 1680 4364 ltdcdraredio,
1694 4292 1719 4350 t.
1734 4285 1818 4363 xlv,

524 4407 554 4467 p.
584 4399 655 4453 465.
670 4392 852 4453 *Monam
876 4392 967 4463 Boio,
996 4398 1020 4454 t.
1037 4394 1138 4467 XXX,
1161 4410 1232 4473 pure
1246 4403 1292 4480 1¹,
1317 4412 1350 4473 p.
1374 4402 1450 4472 211,
1473 4403 1507 4460 η’
1528 4394 1817 4473 rra-lamma,

529 4488 715 4561 Uriandmb.
728 4490 786 4559 'der
796 4496 883 4561 luel.
897 4499 1023 4579 Spain„
1036 4506 1061 4563 t.
1074 4500 1100 4575 1,
1114 4517 1143 4579 p.
1161 4501 1244 4581 res.)

454 4682 519 4775 Η.,
539 4683 603 4756 Dei
620 4686 730 4779 gratia
753 4688 986 4761 Romanorum
1002 4709 1068 4762 rex
1085 4696 1121 4761 et
1136 4708 1273 4785 semper
1290 4695 1471 4783 augustus,
1489 4688 1664 4769 universis
1680 4689 1817 4787 imperii

405 4802 569 4881 fidelibus
599 4810 730 4904 quibus
752 4832 895 4907 presens
922 4813 1088 4909 seriptum
1114 4813 1310 4887 exhibitum
1338 4813 1458 4906 inerit,
1484 4814 1636 4907 gramm
1658 4835 1759 4890 suam
1783 4826 1817 4890 et

407 4950 507 5003 omne
529 4930 672 5005 bonum.
696 4934 752 5008 Ex
779 4936 1012 5013 insinuatione
1036 4938 1247 5035 presentium
1271 4938 1451 5035 pervenire
1472 4939 1633 5035 cupimus
1656 4938 1703 5015 ad
1727 4941 1817 5015 noti·

1865 2341 1994 2447 ulti..

1885 2428 2007 2493 mmm)

1867 3838 1999 4002 effi.
