4859 6359
335 868 434 929 lantcr.
451 866 496 939 ἃ]
788 852 985 917 HISTORIA
1009 848 1301 913 nlt‘tontrtvtctt
1687 852 1750 914 5¹13

336 998 492 1075 serviciis
518 994 735 1069 universitati
752 1001 866 1067 vestre
890 987 1075 1085 impositis,
1104 984 1199 1081 quod
1222 984 1309 1057 tales
1331 1004 1354 1057 a
1376 991 1492 1057 vestro
1512 986 1689 1059 consorcia
1710 998 1746 1060 et

338 1122 481 1217 collegio
491 1118 707 1211 excludatis,
725 1126 766 1191 ut
782 1138 845 1213 prc
862 1112 1049 1189 temeritate
1064 1110 1166 1183 nobis
1184 1111 1273 1183 tacta
1284 1108 1320 1180 iu
1333 1130 1389 1182 res
1400 1117 1436 1182 ct
1451 1129 1632 1205 personam
1647 1111 1745 1207 ipso·

337 1270 415 1321 rum
431 1244 621 1321 vindictam
638 1242 846 1335 condignam
868 1236 1117 1313 redundamus.
1138 1233 1306 1306 Nolumus
1327 1252 1404 1305 esse
1426 1242 1607 1329 exemptos
1628 1256 1651 1308 a
1672 1257 1747 1309 ser·

337 1369 438 1444 viciis
455 1368 557 1441 uobis
573 1364 751 1463 promissis
767 1363 828 1459 qui
845 1360 978 1437 censeri
993 1367 1152 1455 poterunt
1165 1356 1365 1429 nominibus
1381 1367 1620 1433 mercatorum.

384 1494 512 1565 Datum
525 1490 779 1587 apudllgram‚
804 1487 962 1563 kalendis
970 1485 1048 1580 julii
1055 1538 1066 1577 ‚
1086 1482 1273 1557 indictione
1285 1482 1328 1555 V.

390 2040 595 2146 Homines,
614 2039 875 2123 Romanorum
896 2062 978 2145 res,
998 2037 1229 2120 monasterio
1245 2036 1482 2121 Waltsassen
1500 2037 1744 2120 donationem
1777 2068 1945 2179 eppppp.

220 2230 224 2238 ,
337 2170 527 2255 bonorum
548 2173 589 2253 in
618 2170 751 2255 Culme
772 2170 1002 2281 inpartibus
1025 2168 1156 2256 Olsuiz
1178 2196 1247 2279 per
1264 2170 1547 2253 Reimbotcnem
1567 2172 1615 2254 de
1633 2170 1745 2255 Stra-

337 2304 502 2415 cenberg
519 2305 731 2415 fratresque
757 2303 841 2414 ejus
859 2302 932 2387 sub
949 2304 1060 2387 certis
1078 2303 1357 2387 conditionibus
1379 2303 1471 2386 illuc
1489 2304 1628 2387 iactam
1646 2331 1745 2387 cou-

336 2436 485 2545 firmat,
509 2462 597 2520 oum
620 2436 722 2521 bona
748 2436 816 2519 illa
840 2436 881 2517 in
913 2435 1068 2519 lendum
1095 2462 1118 2518 a
1145 2462 1234 2546 rege
1260 2436 1485 2519 obtinuisset
1507 2436 1744 2547 lantgravius
1893 2443 1897 2453 '

337 2568 592 2679 Thuringiae‚
626 2596 649 2653 a
674 2568 889 2680 lantgravio
917 2594 1045 2652 comes
1076 2570 1124 2652 de
1150 2568 1368 2677 Eberstaiu,
1406 2570 1456 2653 ab
1493 2595 1539 2653 ec
1579 2570 1744 2680 denique

337 2702 552 2825 praedictus
569 2700 782 2807 Reimboto.

418 2914 517 2995 (Edit.
531 2932 581 2994 ap.
595 2916 728 2980 Monam.
744 2916 836 2997 Boio,
849 2922 923 2977 tom.
938 2916 1048 2990 XXXI,
1067 2932 1135 2995 pars
1149 2917 1187 2993 1¹,
1201 2934 1233 2995 p.
1249 2926 1323 2990 stt,
1338 2934 1355 2978 c
1368 2912 1443 2979 llb'rc
1461 2918 1565 2995 coplull
1585 2919 1741 2995 undqums.

456 3022 654 3085 llemcratunr
665 3028 799 3085 antama
815 3024 982 3097 Buusourc,
995 3020 1256 3105 ltcumtrriolopia,
1272 3041 1303 3102 p.
1319 3022 1404 3103 aaa.)

385 3208 424 3278 lu
439 3206 578 3280 nomine
592 3217 710 3281 sancte
722 3218 757 3281 et
771 3207 952 3282 individue
970 3207 1154 3281 Trinitatis.
1170 3208 1213 3279 Η.
1232 3208 1295 3281 Dei
1313 3208 1424 3302 gratia
1436 3208 1665 3281 Romanorum
1680 3231 1743 3282 rex

337 3338 371 3402 et
386 3352 523 3427 sempor
538 3342 720 3428 augustus,
740 3332 903 3405 omuibus
916 3330 1077 3406 fidelibus
1092 3342 1285 3429 presentem
1302 3331 1464 3429 pagiuam
1477 3330 1746 3425 intelligentibus

337 3454 480 3549 gratiam
496 3476 596 3529 suam
611 3465 645 3530 et
657 3476 759 3529 omne
774 3456 920 3529 bonum.
939 3456 1110 3541 Quoniam
1125 3478 1172 3528 ex
1185 3456 1367 3528 commisso
1384 3456 1483 3529 uobis
1501 3458 1601 3550 regui
1618 3458 1745 3553 guber·

337 3580 460 3653 noculo
486 3579 677 3674 quamlibet
694 3579 873 3653 ecclesiam
895 3579 962 3653 sub
976 3580 1055 3673 jure
1074 3587 1189 3651 nostre
1205 3578 1346 3653 ditionis
1363 3580 1509 3673 positam
1534 3589 1572 3654 et
1593 3582 1746 3655 maxime

336 3702 493 3777 ordinem
509 3703 768 3777 cisterciensem
786 3712 858 3777 toto
876 3704 1057 3777 conamine
1070 3713 1293 3797 augmentare
1304 3714 1745 3799 promoverequeteuemor

337 3836 370 3900 et
387 3826 602 3917 affectamus,
623 3828 805 3902 cenobium
819 3828 856 3899 in
866 3828 1077 3917 Waltsassan
1094 3849 1141 3901 ex
1158 3848 1329 3901 consensu
1346 3828 1575 3922 quorumdam
1585 3828 1743 3903 fidelium

337 3961 530 4026 nostrorum
555 3953 765 4048 quibusdam
783 3952 884 4027 bonis
911 3952 1020 4025 ditare
1041 3952 1186 4046 dignum
1214 3952 1392 4025 duximus.
1422 3952 1539 4027 Sciant
1565 3976 1648 4051 ergo
1672 3965 1743 4028 tam

338 4086 511 4173 presentes
530 4096 635 4171 quam
650 4076 757 4149 luturi
777 4076 967 4171 quodcum
986 4075 1408 4170 illustrisfilantgraviusll.
1427 4074 1473 4149 de
1485 4076 1648 4172 Turingia
1663 4100 1743 4151 cum

338 4202 441 4274 tratre
458 4222 522 4274 suo
542 4199 702 4275 Conrado
721 4200 757 4273 in
775 4200 932 4297 partibus
949 4200 1064 4273 Olsuiz
1083 4200 1227 4275 rendum
1244 4198 1420 4295 quoddam
1439 4200 1579 4275 nomine
1592 4202 1744 4277 Culmea

338 4324 455 4417 nobis,
479 4345 663 4419 comesque
680 4323 862 4398 cunradus
879 4323 924 4398 de
941 4325 1142 4398 Eberstaiue
1157 4345 1179 4397 a
1193 4323 1349 4421 predicto
1365 4324 1557 4417 lantgravio
1575 4336 1610 4399 et
1627 4326 1743 4399 Reim-

338 4448 417 4523 boto
437 4448 484 4523 de
507 4448 754 4523 Stracenberch
780 4449 969 4523 abeodem
997 4449 1120 4521 comite
1147 4448 1312 4537 tenuerit,
1338 4446 1433 4520 idem
1455 4448 1633 4522 lleimbotc
1662 4472 1743 4524 cum

338 4574 497 4647 omnibus
514 4574 675 4647 iratribus
691 4574 809 4647 suiset
825 4594 943 4647 eorum
958 4573 1213 4647 successoribus
1227 4572 1393 4667 jamdicta
1406 4573 1496 4646 bona
1511 4582 1546 4647 et
1561 4576 1677 4649 omnia
1694 4576 1744 4649 il-

339 4698 449 4771 lorum
468 4698 672 4794 pertinentia
693 4720 761 4770 una
779 4719 859 4771 cum
875 4696 1106 4794 predictorum
1125 4698 1294 4770 baronum
1314 4696 1514 4770 auctoritate
1530 4698 1631 4772 nobis
1642 4701 1746 4775 abso-

341 4822 410 4895 lute
422 4822 636 4917 resignavit:
658 4822 725 4896 sub
743 4823 803 4895 tali
821 4824 929 4895 torma
940 4831 979 4894 ut
997 4822 1141 4895 ecelesia
1160 4832 1274 4896 nostra
1288 4822 1541 4897 inWaltsassen
1554 4846 1617 4920 pro
1630 4826 1745 4901 anime

340 4966 401 5019 sue
413 4956 449 5021 et
461 4948 615 5021 omnium
628 4946 783 5022 affinium
797 4969 938 5022 suorum
954 4946 1108 5021 remedio
1122 4957 1199 5043 post
1210 4946 1343 5020 obitum
1356 4970 1476 5040 suum,
1503 4960 1635 5024 remota
1650 4952 1745 5025 omni
