4859 6359
398 773 500 833 mm,
515 768 560 847 a]
848 762 1045 826 nlstoutlt
1068 759 1359 822 olruoueulctu
1751 763 1810 826 709

398 905 487 978 soris
499 902 605 977 nostri
616 899 765 974 Heinrioi
773 898 990 996 imperatoris
1002 897 1128 994 quinti,
1139 896 1236 992 quod
1248 896 1324 992 ipse
1336 916 1400 990 pro
1412 893 1563 968 remedio
1576 895 1691 968 anime
1700 898 1808 992 patris

398 1028 453 1100 sni
471 1025 593 1122 proavi
610 1024 717 1097 nostri
743 1023 959 1119 imperatoris
979 1020 1129 1094 Heinrici
1144 1021 1181 1092 in
1197 1019 1255 1092 die
1279 1017 1507 1112 exequiarum
1526 1017 1637 1114 ipsius
1655 1019 1807 1114 Spirensi

398 1149 544 1223 contulit
555 1148 700 1238 civitati,
716 1146 871 1218 inirente
884 1145 1022 1239 moJoris
1031 1143 1149 1240 templi
1156 1141 1398 1216 eureislitteris
1409 1141 1605 1214 solemniter
1613 1140 1803 1237 depictum,

397 1293 597 1367 expressam
616 1279 652 1342 et
673 1269 924 1366 prominentem
938 1268 1117 1342 continens
1128 1267 1338 1360 imaginem,
1363 1287 1570 1338 renovamus
1584 1275 1619 1338 et
1636 1265 1804 1362 imperiali

395 1396 598 1468 auctoritate
622 1393 884 1467 uonoborumns
900 1392 1005 1464 etiem
1028 1391 1097 1484 (a),
1121 1400 1156 1462 et
1179 1401 1217 1462 ut
1240 1397 1368 1462 remota
1386 1389 1479 1460 omni
1502 1388 1727 1482 ambiguitate
1744 1393 1804 1484 jus

396 1517 571 1614 privilegii
583 1516 618 1587 in
635 1527 841 1610 perpetuum
856 1515 995 1604 habeut,
1010 1523 1129 1609 utpote
1145 1514 1331 1586 multorum
1347 1512 1540 1607 principum
1552 1522 1589 1584 nt
1605 1513 1735 1586 ibidem
1752 1516 1802 1588 le·

395 1639 488 1735 gitur
503 1640 629 1712 fultum
640 1639 854 1728 testimoniis,
876 1637 1069 1710 firmissime
1087 1637 1263 1710 sanctione
1277 1635 1494 1708 decernimus
1509 1635 1574 1732 (l).
1596 1637 1693 1710 Siout
1708 1639 1801 1712 enim

394 1766 548 1861 prefatus
559 1765 742 1859 imperator
756 1765 881 1839 codem
894 1762 1075 1860 privilegio
1085 1783 1206 1836 omues
1218 1761 1388 1857 Spirensis
1402 1759 1803 1838 eivitatisinhabiletores

394 1887 629 1984 undecunque
645 1889 803 1962 venerint
814 1889 872 1961 vel
892 1887 1142 1980 cujuscumque
1152 1885 1362 1960 conditionis
1376 1887 1502 1958 luerint
1517 1909 1539 1960 a
1552 1888 1802 1964 consuetudine

393 2011 543 2084 nolendo
568 2021 603 2084 et
628 2011 839 2105 nequissima
864 2033 935 2107 que
959 2011 1067 2106 vulgo
1090 2021 1234 2084 vocatur
1255 2009 1392 2082 Butheil
1421 2031 1631 2106 suorumque
1656 2012 1800 2088 heredes

392 2155 532 2229 prorsus
544 2135 687 2226 exemit,
704 2145 739 2208 et
752 2157 797 2208 ne
814 2135 929 2230 eliqua
939 2155 1084 2230 persons
1099 2135 1206 2226 major
1220 2135 1275 2208 rel
1290 2135 1416 2228 minor,
1431 2156 1499 2206 non
1511 2135 1713 2227 advocatus,
1730 2159 1799 2212 non

391 2279 511 2332 eorum
526 2259 692 2332 naturalis
707 2258 870 2332 dominns
883 2259 951 2331 illis
961 2260 1185 2333 morientibus
1197 2258 1243 2332 de
1256 2281 1375 2332 eornm
1393 2259 1596 2354 supellectili
1614 2262 1799 2357 quiequam

391 2384 525 2455 solorre
542 2391 773 2478 presumeret,
798 2381 946 2456 finaliter
965 2382 1162 2472 interdixit,
1189 2392 1224 2456 ot
1240 2393 1279 2456 ut
1296 2403 1416 2456 omnes
1434 2383 1575 2456 liberam
1601 2393 1801 2478 potestatem

390 2505 539 2579 habeant
550 2507 625 2580 suis
642 2508 830 2581 heredibus
843 2508 935 2581 bona
949 2529 1014 2580 suu
1029 2507 1250 2602 relinquendi
1263 2509 1320 2580 vel
1338 2529 1401 2603 pro
1414 2509 1530 2582 enims
1543 2531 1607 2582 suu
1620 2510 1728 2583 dandi
1745 2514 1798 2586 vel

390 2630 597 2725 cuicumque
611 2651 758 2726 persone
773 2630 858 2704 dore
874 2632 1048 2704 voluerint
1064 2631 1258 2704 firmissime
1273 2631 1409 2721 statuit,
1432 2633 1478 2704 ita
1493 2642 1528 2704 et
1540 2653 1615 2720 nos,
1635 2633 1799 2725 adjuncto

389 2775 480 2828 noro
503 2755 693 2847 majestatis
714 2763 830 2828 nostre
846 2755 1041 2852 privilegio,
1062 2755 1108 2828 ab
1122 2754 1284 2827 omnibus
1305 2753 1468 2849 predictis
1482 2767 1661 2852 exemptos
1675 2757 1797 2830 eedem

388 2875 543 2950 libertate
559 2877 690 2971 jugiter
716 2876 869 2969 gaudere
896 2878 1071 2951 volumus.
1098 2877 1247 2971 Contigit
1274 2885 1388 2949 temen
1413 2876 1619 2972 precedente
1644 2889 1797 2976 tempore

388 2999 482 3094 quod
502 3000 637 3074 Ulricus
662 2999 820 3094 ejusdem
846 3002 997 3076 civitatis
1022 3002 1232 3075 venerabilis
1253 3002 1434 3096 episcopus
1456 3023 1561 3096 super
1585 3003 1796 3096 quibusdam

386 3124 507 3218 prelati
522 3125 697 3220 privilegii
715 3125 833 3200 verbis
849 3126 1065 3220 questionem
1083 3125 1203 3217 movit,
1215 3126 1361 3219 exigens
1377 3126 1422 3198 ob
1437 3127 1487 3198 eis
1500 3126 1595 3220 quod
1607 3127 1642 3198 iu
1653 3128 1797 3222 quibus·

386 3245 465 3320 dom
483 3248 570 3322 locis
587 3251 696 3345 vulgo
714 3250 956 3324 Houbethreoh
968 3259 1125 3339 vocetur,
1137 3259 1314 3344 tamqnam
1332 3249 1367 3321 in
1385 3252 1516 3344 pretato
1530 3251 1711 3346 privilegio
1727 3255 1795 3328 sub

385 3371 525 3446 nomine
543 3373 681 3447 Butheil
704 3384 740 3447 et
755 3375 977 3470 supellectilis
993 3374 1039 3448 nb
1054 3375 1121 3448 hoo
1136 3375 1216 3468 jure
1243 3396 1312 3446 nou
1329 3375 1468 3448 luerunt
1485 3377 1651 3473 exempti.
1677 3379 1793 3464 Quum

384 3515 467 3568 roro
482 3495 573 3568 sicut
583 3506 739 3570 nostrum
752 3507 805 3572 est
820 3500 914 3593 leges
924 3498 1092 3587 condere,
1113 3499 1163 3571 ite
1176 3507 1211 3572 et
1226 3519 1296 3593 que
1311 3497 1419 3573 dubio
1429 3508 1510 3572 sunt
1523 3501 1673 3596 benigue
1689 3503 1793 3576 inter·

384 3619 526 3712 preteri,
544 3641 609 3692 nos
622 3621 816 3716 predictum
834 3622 1073 3717 privilegium,
1093 3623 1197 3695 etism
1214 3645 1295 3696 curn
1311 3645 1455 3697 assensu
1469 3626 1500 3717 ej
1505 3624 1625 3698 nedem
1640 3626 1791 3723 episcopi

382 3741 522 3834 publice
531 3744 724 3819 libertatem
737 3767 857 3820 eorum
873 3747 1161 3840 recognoscentis,
1179 3747 1230 3818 sic
1245 3747 1507 3842 interpretemur
1519 3758 1557 3819 ut
1569 3749 1656 3823 ineo
1670 3752 1715 3824 ub
1727 3752 1792 3824 hoo

380 3867 458 3957 jure
472 3867 569 3962 quod
588 3869 808 3944 Houbetreoh
832 3869 960 3943 dicitur
972 3870 1112 3966 penitus
1125 3871 1195 3943 siut
1213 3871 1384 3967 exempti,
1406 3880 1441 3943 et
1458 3892 1521 3944 nos
1538 3893 1598 3945 eos
1611 3875 1790 3972 principali

422 4061 466 4144 (a)
486 4064 545 4142 Ap.
560 4067 696 4129 lienum.
710 4067 801 4130 Bolon
812 4075 866 4131 ut.

417 4377 453 4452 (t)
474 4397 488 4432 r
501 4377 605 4453 Duplex
625 4379 767 4440 llenrioiv
782 4380 953 4456 privilegium
965 4384 1046 4452 llll,
1065 4384 1100 4439 tt
1113 4384 1234 4455 augusti,
1254 4383 1425 4457 Spirensibus
1444 4384 1553 4456 datum,
1568 4390 1694 4459 tanquam
1707 4403 1789 4443 unum

383 4473 505 4549 idemque
516 4476 687 4550 privilegium
697 4477 742 4535 hio
755 4484 899 4536 ronovatur
907 4495 940 4536 nc
950 4478 1136 4551 ooolirmutur;
1150 4486 1178 4537 et
1187 4480 1472 4553 quemadmodumduo
1483 4481 1570 4553 priore
1579 4482 1606 4538 in
1618 4481 1704 4540 lronte
1715 4490 1790 4540 exte·

383 4572 444 4630 riori
461 4574 524 4630 olim
544 4575 635 4631 aureis
651 4574 747 4632 litteris
764 4575 870 4650 depicto
884 4575 1125 4650 oouspiciebentur,
1141 4576 1181 4634 sio
1195 4577 1277 4633 etiam
1291 4577 1456 4652 privilegium
1473 4577 1599 4635 Friderici
1615 4579 1628 4634 l
1645 4594 1706 4636 cum
1722 4579 1788 4638 ima-

384 4670 443 4742 gine
459 4672 600 4746 utriusque
613 4659 783 4748 imperatoris
796 4675 825 4731 in
837 4675 924 4733 fronte
941 4674 1062 4733 interiori
1079 4676 1200 4749 ejusdem
1220 4676 1293 4734 cives
1312 4675 1405 4734 litteris
1423 4677 1512 4742 aureis
1528 4675 1634 4750 depingi
1652 4685 1788 4750 curarunt,

383 4779 493 4838 testibus
513 4783 668 4853 humens,
687 4783 783 4858 δρψ.
805 4782 951 4856 Circuit,
965 4799 994 4858 p.
1014 4787 1080 4858 tto,
1098 4791 1127 4842 et
1141 4786 1274 4858 Gnrssnc,
1294 4785 1452 4843 li’uiserdom
1473 4803 1526 4842 corr
1545 4787 1658 4862 Spcyor,
1678 4805 1706 4862 p.
1726 4791 1787 4858 tlt,

383 4882 435 4934 not.
449 4880 511 4936 tol.
522 4898 539 4932 r
549 4879 672 4939 Momm.
681 4881 755 4938 Bot’c.
768 4887 842 4939 noto.
