4859 6359
450 809 550 867 lrnrcr.
566 805 612 880 a]
901 794 1099 857 ulsioltltl
1124 789 1424 852 lllPLOllll'l'lCll.
1793 789 1866 850 ²133

451 948 614 1034 angusto,
635 935 825 1008 Jerusalem
847 932 921 1026 regi
936 932 1079 1025 regique
1094 927 1226 1017 Sicilie,
1244 926 1282 997 F.
1303 924 1444 996 humilis
1464 943 1581 996 comes
1597 923 1633 994 in
1657 923 1734 995 Zolr
1748 923 1864 996 debite

451 1061 674 1155 subjectionis
691 1057 934 1132 reverentiam.
953 1056 1048 1129 Sicut
1071 1071 1183 1147 nuper
1199 1071 1298 1123 meas
1324 1071 1387 1143 per
1405 1047 1521 1120 literas
1540 1057 1653 1119 vestre
1668 1045 1861 1139 significavi

451 1184 705 1280 magnificentie
721 1181 818 1277 quod
831 1181 867 1252 in
880 1179 1035 1276 periculo
1050 1175 1201 1272 corporis
1215 1183 1251 1248 et
1267 1195 1384 1248 rerum
1396 1193 1508 1246 essem
1522 1173 1556 1243 in
1569 1171 1749 1245 obsidione
1760 1173 1861 1246 castri

451 1311 613 1400 Achaim,
628 1305 716 1380 illud
729 1304 834 1378 modo
846 1304 1025 1376 manifeste
1037 1300 1168 1374 indicio
1179 1297 1435 1392 comprobatur.
1452 1297 1580 1368 Omnes
1593 1295 1685 1368 enim
1703 1296 1771 1369 mei
1784 1316 1861 1368 scr·

450 1436 583 1507 vientes
600 1442 697 1505 etex
713 1428 996 1502 ministerialibus
1018 1435 1097 1500 octo
1111 1422 1315 1497 vulneribus
1331 1421 1446 1494 inlecti
1460 1428 1495 1493 st
1516 1420 1662 1491 nimium
1680 1420 1820 1492 cruciati
1837 1443 1860 1494 a

452 1527 592 1631 domino
621 1552 833 1628 marscalcbo
847 1549 901 1648 (l)
917 1559 952 1624 et
975 1573 997 1623 a
1017 1549 1156 1622 domino
1176 1545 1223 1621 de
1241 1544 1334 1618 Nilln
1353 1543 1406 1640 (2)
1428 1553 1509 1616 sunt
1525 1543 1701 1640 captivati.
1715 1545 1860 1639 Insuper

451 1681 487 1753 in
501 1681 606 1754 armis
619 1687 654 1752 et
672 1679 708 1749 in
724 1675 929 1772 equitaturis
938 1695 996 1747 me
1013 1691 1179 1767 meosque
1189 1669 1381 1766 spoliarunt
1393 1670 1488 1761 large
1498 1668 1544 1741 ad
1557 1677 1694 1741 centnm
1711 1689 1856 1740 marcas.

451 1805 487 1876 ln
504 1801 765 1898 expugnatione
782 1799 875 1873 enim
893 1799 1004 1874 tocius
1020 1818 1097 1870 mee
1123 1795 1252 1868 familie
1265 1815 1446 1890 nunquam
1459 1792 1585 1887 aliquis
1599 1793 1665 1888 ipsi
1684 1791 1761 1864 tulit
1776 1791 1860 1864 snb·

451 1926 592 2000 sidium.
609 1926 827 2021 Quapropter
847 1921 898 2019 (c)
915 1931 1031 1996 vestre
1045 1919 1208 1994 exhortor
1224 1917 1438 1992 celsitudinis
1459 1916 1751 1989 bennivolentiam
1765 1939 1860 2011 qua-

450 2061 550 2125 tenus
578 2050 665 2122 mibi
694 2049 731 2120 in
759 2047 910 2142 dampno
936 2047 986 2120 sic
1006 2043 1214 2141 importabili
1244 2042 1377 2117 auxilio
1399 2051 1434 2114 et
1459 2041 1601 2113 consilio
1632 2039 1856 2112 subveniatis.

452 2173 622 2269 Quicquid
637 2175 725 2246 lator
743 2171 954 2268 presentium
970 2169 1071 2242 vobis
1084 2166 1214 2244 dixerit
1229 2165 1335 2240 iidem
1355 2173 1469 2238 vestra
1487 2164 1648 2258 dignetur
1658 2163 1860 2237 excellentia

451 2299 631 2374 adbibere.

502 2767 702 2850 Conradus
723 2768 772 2850 de
792 2763 1032 2867 Hohenloch,
1057 2762 1257 2846 Heinricus
1277 2761 1511 2844 marscalcus
1533 2762 1580 2843 de
1602 2760 1860 2872 Bappenheim
1882 2783 2062 2838 tenerrrima

450 2910 485 2981 et
507 2900 550 2982 C.
580 2900 630 2981 dc
654 2899 889 3008 Bloohingcn
912 2897 1131 3006 imperatori
1163 2897 1342 2978 nuntiant
1370 2896 1563 3004 quomodo
1586 2920 1713 2978 comes
1736 2895 1860 3006 Egino

450 3028 496 3114 de
512 3031 680 3142 Friburg
697 3059 738 3114 se
755 3032 796 3113 in
813 3031 937 3114 Urach
954 3029 1158 3113 muniverit
1174 3029 1349 3114 homines
1367 3029 1507 3111 ibidem
1526 3028 1755 3139 colligendo,
1766 3030 1858 3112 dum

450 3163 519 3274 ipsi
540 3165 686 3248 viribus
703 3165 871 3248 destituti
889 3173 1058 3247 castrum
1075 3163 1224 3272 Niphcn
1242 3163 1416 3246 obsidere
1434 3188 1510 3245 non
1529 3163 1689 3272 possint.

487 3356 673 3439 (a)1ncunto
691 3359 769 3420 buca
788 3373 891 3418 vocem
906 3357 1088 3436 Quapropter
1106 3358 1171 3433 jum
1190 3363 1344 3418 exaratam
1365 3358 1438 3418 rasit
1456 3357 1569 3430 scriba,
1583 3363 1619 3418 ut
1640 3357 1860 3434 praecedentem

451 3468 627 3528 sententiam
638 3466 751 3528 scillcet
761 3464 799 3525 la
811 3465 1043 3546 mpuqmtiom
1057 3468 1125 3535 etc,
1137 3478 1193 3523 suo
1205 3462 1270 3524 loco
1284 3465 1433 3524 insereret.

484 3754 519 3828 (t)
539 3754 589 3813 llic
601 3756 690 3828 agitur
699 3755 736 3814 de
750 3755 878 3814 Anselmo
892 3755 927 3812 de
939 3755 1095 3828 turonen,
1104 3754 1218 3826 jnnioris
1228 3753 1336 3811 ilennci
1356 3753 1465 3812 assiduo
1482 3753 1599 3825 lautora,
1609 3770 1704 3828 quem,
1716 3763 1859 3832 postquam

451 3850 549 3908 bellum
561 3852 633 3910 cirea
644 3857 737 3925 partes
752 3852 839 3911 libeni
852 3852 1029 3925 incoepisset,
1044 3851 1196 3909 inimicitias
1209 3852 1238 3908 in
1253 3851 1350 3908 Sueria
1363 3851 1444 3908 ctiam
1458 3857 1519 3925 post
1531 3851 1699 3925 imperatoris
1715 3855 1859 3915 adventurn

452 3948 478 4006 in
489 3950 666 4008 &esanauos
676 3951 829 4008 exercuisse
836 3950 970 4008 ridemus.
980 3951 1059 4006 llunc
1070 3950 1150 4024 paulo
1162 3956 1224 4023 post
1235 3949 1413 4023 proscriptum
1421 3949 1549 4006 discimus
1560 3966 1594 4006 ex
1605 3949 1708 4008 Ausul.
1717 3952 1856 4026 laudati,

451 4061 493 4120 ap.
505 4047 605 4116 ann,
617 4048 752 4118 amum„
764 4053 785 4104 t.
797 4047 859 4119 XII,
871 4063 901 4120 p.
917 4051 963 4117 59,
977 4046 1025 4104 ubi
1036 4047 1149 4120 legimus
1160 4047 1194 4104 ad
1212 4061 1277 4103 ann.
1293 4049 1363 4104 4236
1375 4046 1483 4119 (rectius
1494 4045 1590 4120 ⁴2³⁵l²
1607 4048 1767 4121 «lustingan
1786 4050 1857 4107 obsi·

452 4143 515 4202 dens
530 4144 629 4201 evertit
640 4144 832 4220 [l'ridericus1.
850 4145 957 4203 rinno
968 4148 1038 4202 4236
1054 4146 1088 4202 ad
1100 4145 1267 4204 fridericum
1286 4145 1410 4203 austriae
1424 4145 1519 4202 ducem
1536 4161 1617 4218 quem
1629 4144 1717 4204 banuo
1725 4147 1857 4221 imperiali

452 4253 555 4314 quoque
567 4247 748 4315 supposuerat
764 4241 920 4315 imperator,
934 4242 1078 4300 anselmus
1089 4242 1124 4300 de
1136 4242 1275 4315 lustingen
1287 4242 1404 4316 aufugit,
1417 4259 1533 4316 eumque
1551 4246 1580 4299 tl
1602 4243 1756 4302 novembris
1777 4243 1857 4320 hujus

453 4338 511 4394 anni
520 4337 593 4412 apud
600 4339 734 4396 Naustadt
746 4339 774 4395 in
785 4339 862 4396 curia
873 4339 954 4412 hujus
967 4339 1042 4396 ducis
1053 4344 1203 4396 morantem
1215 4339 1376 4396 invenimus.
1384 4339 1802 4414 Cl.llunnsn‚.lostr.r'llustr.,p.
1810 4345 1840 4400 il
1847 4383 1855 4398 .

452 4433 525 4507 lpnd
534 4451 616 4508 quem
627 4436 710 4493 etiem
723 4435 843 4494 substitit
856 4437 986 4510 usquead
994 4435 1089 4508 julium
1104 4437 1186 4494 titt.
1197 4437 1239 4495 ci.
1254 4437 1392 4508 bisinnus,
1406 4436 1571 4510 Bcbeubcrp.
1583 4439 1700 4510 depost,
1710 4439 1820 4511 passim.

485 4530 521 4604 (2)
539 4533 647 4591 Scilicet
654 4533 795 4592 lleinricns
805 4534 895 4592 senior
908 4534 943 4591 de
956 4532 1050 4604 Nilen,
1063 4533 1110 4606 qui
1119 4541 1239 4591 castrum
1252 4534 1363 4592 achalm
1376 4551 1410 4592 ex
1421 4543 1498 4608 parte
1507 4535 1601 4591 matris
1614 4550 1680 4592 suae
1690 4535 1767 4608 qnasi
1778 4551 1859 4596 suum

453 4629 618 4686 vendicabat.
637 4631 762 4689 thlnota
776 4631 849 4694 enim
864 4631 894 4688 in
910 4632 1036 4688 masculis
1048 4632 1176 4688 comitum
1192 4632 1409 4690 ilchalmeminm
1427 4633 1510 4702 linea,
1527 4633 1671 4706 imperator
1684 4634 1735 4692 hoc
1750 4634 1858 4694 feodum

454 4725 486 4782 ad
498 4726 603 4801 imperii
615 4727 761 4786 dominium
774 4734 948 4788 revocaverat
960 4727 1010 4801 llil.
1024 4727 1299 4795 Srnsun‚Wirtemb.
1307 4728 1409 4801 procl„
1422 4735 1443 4786 t.
1454 4729 1488 4802 11,
1499 4745 1527 4803 p.
1540 4731 1592 4788 los
1606 4735 1634 4788 et
1643 4730 1715 4804 572),
1728 4737 1756 4789 el
1769 4747 1859 4790 arcem

454 4823 550 4895 optime
565 4825 697 4883 munitam
709 4827 801 4886 comiti
818 4826 853 4884 de
865 4826 969 4884 Zollern
981 4841 1030 4883 suo
1043 4826 1150 4883 nomine
1164 4827 1365 4886 custodiendam
1383 4828 1563 4886 commiserat.
1574 4829 1661 4898 Quam
1675 4836 1765 4888 lemen
1783 4845 1800 4888 a
1814 4848 1859 4890 re-

453 4917 565 4980 bellibus
578 4930 757 4998 expugnatam
774 4924 857 4983 luisse
870 4929 1038 4998 compertum
1051 4923 1192 4982 habemns.
1220 4985 1222 4990 ,
