4859 6359
587 780 649 842 816
1086 783 1303 847 rttouutct
1325 785 1501 850 SECUNDI
1820 784 1899 871 [dxv.
1916 785 2004 850 123&

589 937 744 992 cessores
767 917 918 1015 episcopi
932 919 1100 995 hncwnus
1117 931 1349 1020 perceperunt
1368 921 1519 1011 ibidem;
1545 919 1659 995 officia
1680 941 1765 995 vero
1789 921 2008 996 villicationis

594 1039 747 1138 ipsarum
766 1041 929 1114 villarum
947 1063 1092 1140 persone
1109 1046 1167 1118 eni
1186 1047 1279 1120 volet
1295 1045 1435 1120 locabit.
1451 1047 1536 1118 Item
1549 1043 1617 1117 suh
1627 1043 1750 1118 eadem
1758 1045 2008 1142 compositione

592 1165 681 1238 lacta
695 1173 748 1238 est
762 1165 955 1262 subscripta
966 1169 1172 1262 permutatio
1185 1167 1276 1244 inter
1291 1191 1355 1243 nos
1367 1191 1431 1266 pro
1444 1177 1540 1266 parte
1553 1177 1670 1242 nostra
1686 1178 1722 1240 et
1736 1166 1904 1241 heredum
1917 1189 2006 1241 ues-

590 1296 718 1362 trorum
733 1298 767 1360 et
779 1287 941 1363 eumdem
956 1290 1155 1387 episcopum
1173 1315 1236 1389 pro
1246 1302 1343 1390 parte
1354 1314 1419 1366 sua
1435 1301 1471 1366 et
1482 1291 1627 1366 ecclesie
1639 1313 1703 1366 sue
1714 1317 1724 1364 ε
1736 1289 1899 1364 videlicet
1910 1291 2008 1386 qued

590 1434 654 1508 pro
670 1414 753 1486 villa
768 1412 813 1486 de
829 1412 1008 1486 Tranheim
1024 1437 1103 1488 cum
1121 1417 1285 1490 omnihus
1301 1417 1439 1512 juribus
1459 1425 1495 1490 et
1516 1413 1709 1488 rationibus
1731 1413 1805 1486 suis
1826 1424 2007 1510 permuta·

593 1532 708 1604 vimus
719 1531 844 1605 vallem
859 1531 904 1606 de
918 1533 1055 1608 Britztal
1065 1557 1144 1608 cum
1153 1537 1334 1630 omniJ'ure
1344 1557 1421 1610 suo.
1431 1537 1516 1610 ltem
1530 1556 1593 1631 pru
1606 1534 1690 1607 villa
1700 1533 1746 1607 de
1755 1533 2005 1608 Wasselnheim

591 1679 670 1730 cum
682 1657 842 1731 omnibus
860 1658 1053 1732 rationibus
1067 1660 1141 1733 suis
1153 1683 1261 1756 quam
1271 1663 1467 1758 recepimus
1477 1661 1514 1734 in
1526 1659 1813 1756 permutationem
1826 1657 2006 1732 abeodem

590 1781 752 1878 episeopo
763 1791 900 1878 propter
909 1783 969 1875 jus
978 1792 1177 1878 patronatus
1190 1785 1381 1859 ecclesieet
1388 1783 1495 1859 leuda
1502 1783 2006 1880 vasallorum,permutavimus

593 1913 710 1978 contra
726 1903 943 1978 advocatiam
960 1903 1006 1978 de
1023 1906 1304 1982 Bischovesheim
1319 1929 1400 1982 cum
1411 1907 1648 1981 honoribnsei
1665 1906 1912 2002 pertinentibus
1927 1904 2006 1977 uhi·

593 2048 744 2122 cumque
770 2026 955 2102 resideant.
985 2030 1069 2102 ltem
1098 2029 1190 2104 idem
1219 2031 1405 2128 episcopus
1431 2031 1602 2104 concessit
1630 2030 1731 2104 nohis
1762 2039 1798 2103 et
1814 2029 2005 2104 heredibus

594 2150 717 2222 nostris
732 2152 770 2222 in
798 2160 931 2225 rectum
956 2152 1100 2226 laudum
1121 2175 1244 2228 omnes
1263 2154 1422 2228 homines
1444 2153 1491 2228 de
1513 2154 1727 2228 Westhoven
1750 2152 1798 2227 ad
1822 2153 2006 2226 ecclesiam

594 2295 693 2346 suam
707 2283 913 2368 spectantes,
932 2275 1088 2350 similiter
1098 2277 1381 2350 omueshomines
1394 2278 1429 2349 iu
1444 2277 1727 2352 Rodesheimsihi
1740 2286 1774 2350 at
1786 2297 1851 2350 sue
1861 2277 2007 2350 eccloeie

596 2397 821 2492 pertinentes3
835 2399 938 2472 etiam
950 2421 1013 2472 nos
1026 2401 1260 2474 conoessimus
1273 2401 1307 2474 ei
1322 2411 1357 2474 et
1368 2401 1513 2476 ecclesie
1527 2423 1592 2476 sue
1603 2423 1723 2475 omues
1737 2399 1894 2474 homines
1910 2401 2008 2496 apud

596 2521 797 2596 Zaberuiam
810 2535 1070 2598 commorantes.
1079 2525 1162 2598 ltem
1177 2523 1272 2598 idem
1283 2525 1469 2622 episcopus
1484 2525 1652 2598 concessit
1665 2525 1765 2598 nohis
1771 2535 1808 2598 et
1819 2525 2008 2598 heredibus

594 2645 720 2718 uostris
738 2646 773 2718 iu
787 2646 931 2721 feudum
949 2647 1121 2742 quidquid
1135 2647 1224 2741 juris
1239 2649 1362 2720 hahuit
1378 2649 1416 2720 in
1434 2647 1637 2743 Odenhurg,
1657 2649 1840 2722 reservatis
1854 2649 2008 2744 capitulo

591 2771 670 2864 jure
686 2779 886 2866 patronatus
901 2771 1044 2844 ecclesie
1066 2781 1101 2846 et
1119 2772 1279 2846 censibus
1299 2793 1370 2867 qua
1389 2771 1436 2846 cd
1453 2793 1575 2846 eornm
1590 2770 1786 2869 prehendas
1798 2793 1846 2844 ex
1863 2773 2008 2868 antiquo

595 2893 835 2990 pertinuerunt
849 2894 994 2985 ibidem,
1006 2904 1040 2970 et
1055 2897 1101 2972 de
1111 2895 1267 2992 predicto
1281 2895 1386 2970 leudo
1401 2896 1579 2970 investivit
1593 2917 1659 2970 nos
1674 2895 1893 2992 corporaliter
1905 2905 1945 2969 nt
1954 2906 2008 2970 est

594 3019 720 3108 moris,
741 3030 776 3092 et
790 3041 852 3093 nos
868 3041 931 3116 pro
949 3019 1073 3095 eadem
1093 3019 1339 3116 compositione
1361 3020 1530 3094 solvimus
1552 3020 1586 3092 ei
1610 3019 1704 3093 mille
1723 3040 1857 3092 marcas
1873 3019 2006 3114 argenti

594 3165 684 3238 quas
702 3144 776 3238 ipss
787 3166 809 3217 a
822 3145 922 3218 nohis
935 3145 1067 3240 integre
1079 3143 1252 3240 recepisse
1263 3141 1444 3218 latehatur.
1465 3143 1550 3216 ltem
1564 3151 1755 3240 proventus
1772 3143 1932 3214 villarum
1947 3161 2007 3214 oo·

596 3269 689 3342 mitie
705 3269 872 3362 equaliter
889 3267 1100 3344 dividentur.
1119 3269 1202 3342 ltem
1221 3288 1284 3364 pro
1306 3265 1410 3342 nobis
1426 3277 1461 3341 et
1476 3265 1666 3342 heredibus
1680 3265 1805 3340 uostris
1822 3268 2008 3340 renuntia-

595 3393 712 3465 vimus
728 3392 841 3465 oidem
852 3391 1014 3487 episcopo
1028 3399 1064 3464 et
1076 3391 1220 3466 ecclesie
1232 3412 1297 3464 sue
1311 3391 1342 3464 si
1359 3389 1455 3486 quod
1476 3393 1538 3485 jus
1554 3390 1771 3464 habebamus
1784 3389 1822 3461 in
1836 3390 1957 3465 castris
1971 3398 2009 3462 et

595 3515 870 3612 possessionibus
882 3516 971 3586 infra
986 3515 1132 3610 scriptis,
1148 3513 1312 3588 videlieet
1327 3515 1446 3590 'lanne
1460 3515 1590 3607 veteri,
1609 3513 1843 3610 Eigcnsheim,
1863 3533 1933 3608 que
1943 3513 2009 3585 luit

597 3641 729 3716 comitis
745 3639 877 3712 Alherti
894 3639 939 3714 de
953 3640 1172 3735 Tageshurffi
1188 3641 1272 3714 item
1285 3650 1436 3714 castrum
1449 3639 1627 3714 Bernstsin
1634 3693 1646 3732 ,
1665 3637 1857 3730 Girbaden,
1876 3639 2011 3730 Tages-

596 3767 705 3859 burg,
727 3762 893 3838 Rheinaw
909 3784 987 3836 cum
1006 3763 1168 3837 omnihus
1186 3765 1326 3858 juribus
1340 3775 1375 3837 at
1390 3763 1607 3860 pertiuentiis
1626 3783 1766 3854 eorum,
1783 3763 1833 3835 ita
1847 3761 2010 3835 videlicet

595 3889 692 3986 quod
709 3887 804 3960 nulla
821 3887 925 3960 etiarn
952 3887 1085 3960 ratione
1112 3887 1308 3962 donationis
1334 3909 1397 3961 sen
1418 3885 1629 3961 venditionis
1653 3887 1710 3959 vel
1733 3886 1802 3959 elia
1825 3885 1944 3980 abque
1962 3883 2010 3958 de

595 4033 699 4086 musa
717 4009 878 4085 eumdem
895 4011 1096 4108 episcopum
1113 4021 1175 4083 aut
1192 4011 1345 4106 aliquem
1358 4031 1592 4084 successorem
1610 4031 1715 4082 suum
1725 4031 1787 4106 per
1798 4029 1863 4082 nos
1876 4009 1933 4082 vel
1946 4029 2011 4104 per

597 4138 747 4232 aliquem
765 4135 872 4208 alium
893 4133 1123 4231 impediemus
1142 4135 1197 4208 vel
1226 4135 1393 4208 faciemus
1412 4133 1631 4230 aliquatenus
1647 4133 1821 4229 impediri.
1843 4133 1927 4208 item
1945 4154 2010 4228 pro

597 4281 640 4335 eo
652 4259 749 4355 quod
761 4257 853 4332 idem
869 4259 1052 4356 episeopus
1066 4258 1266 4353 recognovit
1275 4259 1335 4351 jus
1348 4267 1504 4332 nostrum
1519 4258 1557 4329 in
1573 4255 1778 4352 subscriptis
1791 4256 1911 4348 rebus,
1925 4277 2009 4330 oon·

598 4385 765 4458 cessimus
787 4383 820 4456 ei
848 4391 884 4456 et
913 4382 1058 4456 ecclesie
1073 4403 1137 4454 sue
1160 4403 1292 4455 novum
1310 4390 1460 4455 castrum
1486 4381 1604 4454 Tanne
1621 4389 1657 4452 et
1681 4389 1814 4452 endem
1846 4380 1947 4452 dmm
1970 4380 2009 4452 iu

597 4507 769 4584 Tamhach
782 4516 817 4581 et
832 4505 1013 4600 antiquum
1028 4504 1217 4602 pedagium
1228 4503 1324 4600 apud
1338 4506 1469 4597 Tauno,
1480 4505 1518 4575 in
1534 4511 1624 4575 statu
1639 4503 1675 4574 in
1691 4524 1763 4598 quo
1776 4501 1842 4574 luit
1855 4513 2010 4600 ternpore

597 4631 730 4706 domiui
747 4630 886 4725 augusti
904 4627 1010 4726 patris
1026 4628 1149 4702 nostris
1165 4626 1528 4724 imperatorislienrici
1546 4624 1711 4700 memorie
1724 4623 1917 4700 recolende.
1932 4627 2011 4698 Sta·

600 4767 710 4828 tutum
728 4764 780 4826 est
798 4755 940 4848 insuper
956 4753 1160 4846 generaliter
1174 4753 1210 4824 iu
1225 4752 1473 4848 compositione
1495 4748 1650 4846 predicta
1663 4757 1704 4821 ut
1719 4747 1877 4822 homines
1901 4748 2009 4822 nestri

596 4889 629 4952 et
648 4877 815 4952 heredum
838 4887 1055 4972 nostrorum,
1074 4876 1315 4950 ministeriales
1332 4875 1440 4950 nostri
1455 4883 1490 4948 et
1509 4873 1668 4947 homines
1682 4893 1803 4947 eornm
1824 4892 1895 4946 non
1912 4871 2011 4946 reci·
