4859 6359
640 767 702 830 664
1157 769 1333 830 bubulci
1358 769 1528 830 suarim
1867 770 1949 852 [Anu.
1969 767 2056 835 ΙΝ.

642 927 712 978 non
729 905 805 976 sine
816 905 983 999 gravibus
993 926 1109 978 rerum
1126 905 1318 1001 dispendiis
1333 929 1421 1002 pura
1437 905 1506 980 lide
1518 927 1560 978 ac
1575 903 1760 978 devotione
1770 906 1903 980 sincera
1922 929 2058 1002 semper

642 1027 815 1101 adheserit
822 1028 909 1123 patri
921 1039 1037 1102 nostro
1045 1027 1217 1102 Friderico
1229 1030 1680 1104 serenissimollomanorum
1689 1030 1886 1125 imperatori
1895 1053 1936 1104 ac
1943 1031 2054 1117 nobis,

643 1151 842 1225 exhibendo
855 1162 950 1246 grata
963 1154 1106 1226 servitia
1119 1153 1282 1248 imperio,
1305 1153 1450 1248 dignum
1463 1175 1538 1227 esse
1560 1175 1741 1228 censemus
1758 1163 1798 1225 ιιι
1812 1165 1970 1250 respectu
1985 1177 2058 1228 ser·

640 1276 803 1348 vitiorum
813 1276 1126 1372 ipsorumacetiam
1138 1287 1197 1350 tue
1209 1277 1405 1351 devotionis
1418 1277 1560 1369 intuitu,
1573 1278 1648 1372 ipse
1655 1275 1731 1373 (sic)
1742 1279 2058 1353 ecclesiolaciamus

642 1400 788 1493 gratiam
804 1401 1001 1496 specialem.
1020 1401 1110 1474 Hinc
1122 1411 1177 1475 est
1193 1401 1291 1497 quod
1305 1423 1385 1474 cum
1398 1407 1436 1472 tu
1451 1401 1594 1474 liberam
1612 1401 1742 1474 habeas
1759 1401 1976 1476 advocatiam
1993 1404 2057 1476 bo—

642 1543 766 1595 norum
793 1523 828 1594 in
863 1523 1043 1597 Gnczstein
1068 1524 1183 1598 eidem
1210 1525 1355 1598 ecclesie
1383 1525 1649 1620 pertinentium,
1674 1546 1823 1620 quorum
1845 1535 1883 1598 tu
1902 1529 2057 1622 provisor

642 1646 781 1738 existis,
808 1647 871 1718 tibi
894 1647 939 1720 dc
960 1646 1196 1721 munificentie
1214 1659 1330 1722 nostre
1350 1650 1461 1744 gratia
1478 1647 1699 1743 indulgemus
1711 1657 1751 1721 ut
1768 1651 1910 1722 liberam
1927 1649 2057 1723 babeas

642 1770 837 1842 facultatem
856 1771 1006 1864 eligendi
1022 1793 1127 1865 quem
1143 1772 1298 1844 volueris
1311 1771 1535 1862 advocatum,
1553 1793 1595 1844 ac
1613 1773 1716 1845 ctiam
1727 1772 1930 1844 removendi
1945 1782 1979 1844 et
1992 1773 2057 1844 im-

642 1894 800 1966 mutandi
813 1895 989 1977 eumdem,
1004 1916 1259 1990 quemcumque
1273 1905 1307 1969 et
1323 1897 1610 1990 quotiescumque
1621 1907 1681 1968 tue
1693 1897 1861 1991 placuerit
1872 1898 2052 1970 voluntati.

641 2017 697 2089 Ad
715 2019 780 2090 bec
797 2027 837 2089 ut
849 2019 958 2112 gratia
976 2019 1131 2114 gaudeas
1148 2020 1327 2114 ampliori,
1350 2019 1485 2111 regium
1502 2019 1656 2090 bannum
1670 2019 1733 2091 tibi
1748 2029 1784 2092 et
1800 2021 1942 2094 ecclesio
1958 2023 2055 2114 blag-
2162 1999 2164 2004 ⁵

643 2141 852 2236 deburgensi
871 2143 1009 2236 tuisque
1026 2143 1282 2216 successoribus
1300 2143 1559 2217 concedendum
1577 2141 1760 2233 duximus,
1788 2143 2006 2238 indulgentes
2017 2155 2056 2218 ut

639 2267 784 2360 isquem
801 2287 865 2362 pro
878 2277 1030 2361 tempore
1043 2267 1186 2361 elegeris
1199 2267 1407 2340 advocatum
1428 2267 1483 2340 vel
1499 2277 1580 2339 tuus
1593 2287 1771 2340 successor
1783 2269 1925 2362 elegerit
1939 2279 2056 2342 aucto·

639 2389 739 2462 ritate
753 2399 813 2461 tua
827 2399 862 2461 et
874 2391 1038 2480 ecclesie,
1059 2391 1214 2462 bannum
1228 2391 1353 2463 babeat
1370 2400 1406 2462 et
1420 2389 1653 2462 omnimodam
1664 2399 1863 2484 potestatem
1872 2391 2054 2483 judicandi

639 2535 762 2586 causas
779 2523 857 2587 tuas
871 2524 905 2586 et
920 2515 1136 2609 proponendi
1157 2515 1315 2588 ucetiam
1333 2513 1539 2586 terminandi
1555 2512 1713 2603 easdem,
1731 2521 1895 2608 tauquam
1913 2524 2005 2588 tutor
2021 2527 2056 2588 et

640 2649 735 2711 actor
749 2648 830 2711 tuus
847 2648 882 2712 et
899 2639 1042 2711 ecclesie
1061 2648 1245 2731 vesterque
1262 2637 1436 2732 legitimus
1456 2635 1733 2728 mundiburdus;
1759 2637 1823 2711 sed
1841 2648 1876 2712 et
1904 2661 1983 2712 cum
2009 2640 2054 2714 ab

640 2763 821 2837 advocatia
839 2772 990 2836 remotus
1002 2763 1121 2854 luerit,
1143 2764 1178 2833 in
1195 2763 1312 2835 banno
1328 2763 1432 2835 nichil
1447 2762 1536 2854 juris
1551 2762 1688 2857 penitus
1704 2761 1886 2854 retinebit,
1911 2764 1993 2857 quia
2009 2763 2055 2837 ad

640 2887 822 2959 ecclesiam
841 2886 1050 2980 sepedictam
1072 2895 1107 2958 et
1122 2894 1156 2957 ta
1177 2895 1325 2980 tuosque
1347 2905 1575 2975 successoros,
1603 2885 1665 2980 qui
1680 2886 1873 2981 provisores
1900 2887 2052 2982 ipsorum

638 3009 810 3083 bonorum
821 3031 883 3104 pro
897 3019 1048 3104 tempore
1063 3009 1208 3098 luerint,
1227 3009 1340 3104 ipsum
1351 3009 1506 3081 bannum
1515 3018 1681 3104 perpetuo
1695 3011 1856 3082 volumus
1869 3011 2048 3105 pertinere.

638 3135 682 3206 Ut
700 3134 804 3228 igitur
817 3135 881 3208 bec
895 3134 1033 3205 libertas
1045 3142 1080 3205 et
1094 3133 1204 3225 gratia
1215 3133 1358 3206 ecclesie
1380 3132 1447 3229 ipsi
1461 3133 1552 3206 lacta
1565 3142 1770 3229 perpetuam
1780 3134 1933 3206 obtineat
1946 3133 2053 3206 firmi·

640 3269 763 3350 tatem,
782 3257 931 3353 presenti
945 3257 1128 3352 privilegio
1143 3279 1220 3328 eam
1235 3257 1402 3329 duximus
1414 3255 1695 3330 confirmandam.

689 3381 814 3452 Actum
830 3379 925 3476 apud
935 3380 1165 3474 Aldemborg,
1182 3401 1274 3453 anno
1290 3382 1399 3476 gratio
1412 3379 1592 3452 millesimo
1607 3378 1670 3452 CC.
1684 3381 1871 3472 XXXllll⁰,
1887 3381 1933 3454 Vl
1945 3402 2053 3454 nonas

636 3505 732 3598 julii,
753 3503 942 3578 indictione
957 3504 1116 3600 septima.

849 3791 1830 3811 ffl———a-——ffl-

460 4101 567 4198 odil.
695 4075 899 4183 llenricus,
937 4073 1198 4155 Romanorum
1232 4093 1322 4177 rex,
1356 4067 1501 4151 decano
1531 4077 1569 4150 et
1603 4063 1768 4176 capitulo
1805 4057 2054 4148 Goslariensis

485 4169 594 4264 ³³⁰¹”3’
641 4210 821 4296 ecclesiae
839 4233 946 4290 arcas
965 4205 1126 4288 civitatis
1147 4214 1185 4286 ct
1206 4229 1343 4286 census
1374 4201 1595 4284 earumdem
1617 4198 1838 4305 confirmat,
1853 4195 1993 4307 jubens
2011 4204 2054 4276 ut

642 4345 790 4456 siquis
821 4365 978 4424 censum
1000 4337 1172 4421 debitum
1200 4337 1249 4418 de
1278 4335 1375 4418 areis
1402 4361 1480 4418 non
1507 4333 1753 4445 persolverit,
1782 4331 1823 4412 iu
1858 4329 2053 4441 sexaginta

643 4480 785 4564 solidos
804 4473 854 4559 ab
872 4475 1054 4558 advocato
1072 4470 1177 4581 regio
1195 4469 1508 4580 condempnetur.

724 4691 1032 4772 (bold-lunensem,
1047 4684 1194 4767 Aothrdt.
1209 4679 1324 4760 Pacid,
1339 4681 1477 4761 append,
1491 4688 1515 4743 ι.
1531 4679 1585 4757 1v,
1600 4697 1631 4758 p.
1648 4687 1719 4754 289,
1734 4677 1768 4739 ιι·
1780 4677 1890 4758 XVII.)

688 4878 886 4971 Heinricus,
909 4875 973 4948 Dei
1001 4873 1112 4970 gratia
1135 4873 1368 4946 llomonorum
1397 4891 1462 4943 rex
1483 4877 1518 4942 et
1540 4887 1677 4964 semper
1700 4872 1888 4961 augustus,
1917 4859 2052 4936 dilectis
