4859 6359
416 765 517 828 unia.
531 759 574 848 9.]
865 761 1062 822 russorum
1086 759 1376 823 urruoutrtca
1763 765 1824 827 855

415 920 496 987 sue,
515 895 611 993 quod
626 895 802 990 justiciam
820 903 855 968 et
868 894 1041 987 judicium
1060 895 1109 968 de
1123 902 1213 967 terra
1238 917 1302 967 sua
1319 895 1555 991 proscripserit
1575 906 1635 968 ret
1655 918 1735 968 cum
1755 898 1822 969 ini·

416 1022 547 1118 quitate
573 1019 674 1093 sedus
693 1019 824 1106 iniens,
855 1027 996 1113 prorsus
1021 1017 1182 1110 abjecerit
1205 1019 1413 1111 equitatem,
1439 1018 1558 1091 viduis
1581 1028 1614 1090 et
1638 1019 1818 1114 orphanis,

417 1147 592 1238 quosJ’ure
605 1145 720 1216 fovere
737 1141 916 1229 debuerat,
935 1143 1097 1214 molestus
1108 1142 1275 1229 existens,
1293 1141 1418 1213 divites
1427 1142 1637 1236 opprimens,
1653 1165 1822 1238 pauperes

417 1268 638 1354 conculcans,
657 1266 843 1338 humilians
866 1265 999 1338 nobiles
1019 1272 1053 1336 et
1077 1263 1260 1336 destruens
1279 1265 1480 1359 populares,
1510 1264 1657 1337 diversis
1685 1267 1823 1359 flagitiis

418 1392 570 1465 afficiens
588 1391 765 1482 subditos3
788 1391 916 1462 nullam
933 1388 1100 1461 adversus
1113 1410 1173 1461 eos
1188 1389 1292 1460 aliam
1309 1411 1447 1462 causam
1465 1391 1614 1478 habens,
1640 1391 1705 1462 nisi
1729 1391 1824 1484 quod

418 1515 514 1608 pium
531 1537 608 1588 esse
625 1515 691 1586 sihi
710 1513 819 1586 credit
834 1522 868 1585 et
885 1512 1018 1584 licitum
1029 1512 1195 1606 quicquid
1206 1513 1301 1584 libet.
1316 1513 1552 1586 Ministeriaies
1565 1523 1599 1586 et
1609 1513 1695 1586 aiios
1710 1514 1823 1587 inien-

419 1634 534 1724 datos,
550 1659 637 1731 quos
654 1637 698 1710 ab
710 1635 854 1731 imperio
866 1643 970 1725 tenet,
985 1644 1078 1707 tanto
1089 1636 1238 1728 graviori
1255 1637 1470 1730 persequitur
1486 1639 1675 1728 voluntate,
1692 1649 1824 1732 quanto

420 1758 596 1832 inedium
620 1768 829 1832 nostramet
851 1759 986 1852 imperii
1013 1759 1154 1830 afflictos
1181 1758 1374 1830 immaniter
1394 1760 1439 1830 ah
1461 1760 1536 1853 ipso
1561 1762 1778 1854 percepimus
1791 1771 1826 1835 et

419 1893 549 1976 quanto
564 1882 614 1980 (a)
630 1883 675 1956 de
688 1881 772 1976 ipsis
790 1881 944 1974 cogimur
957 1881 1128 1954 dubitare.
1144 1883 1229 1953 Data
1244 1882 1350 1974 igitur
1368 1905 1429 1977 per
1449 1905 1530 1955 eum
1551 1882 1670 1956 effreni
1688 1887 1824 1959 licentia

420 2005 538 2095 luxui,
556 2015 590 2078 et
606 2015 720 2076 mente
729 2005 838 2099 ipsius
852 2004 887 2076 in
902 2027 1039 2077 omnem
1055 2005 1148 2076 viam
1162 2005 1298 2076 malicie
1307 2006 1450 2100 turpiter
1464 2007 1659 2100 inquinata,
1681 2009 1826 2083 deflorat

421 2127 574 2220 virgines
592 2127 722 2200 etfacit
744 2149 765 2199 a
790 2129 863 2200 suis
888 2128 1112 2224 complicibus
1130 2128 1306 2219 deflorari,
1325 2139 1497 2202 matronas
1514 2133 1727 2205 venerabiies
1742 2133 1826 2206 des·

424 2250 598 2342 honestat,
620 2252 778 2324 auferens
798 2251 884 2324 filias
903 2251 1075 2346 patribus,
1103 2252 1233 2324 etviris
1245 2251 1408 2324 mulieres
1421 2253 1464 2346 (b)
1479 2275 1539 2347 per
1553 2254 1765 2327 violentiam.
1784 2256 1827 2327 iit

423 2375 554 2446 utinam
578 2374 633 2446 his
657 2383 837 2448 contentus
860 2396 931 2446 non
955 2375 1167 2468 excogitaret
1182 2376 1217 2446 in
1237 2388 1372 2470 patrum
1393 2377 1526 2449 animas
1544 2388 1579 2449 et
1595 2377 1767 2451 virorum!
1789 2381 1826 2452 iu

423 2520 569 2592 quorum
584 2519 702 2573 necem
723 2497 878 2571 diversas
896 2499 1029 2593 species
1042 2500 1163 2570 mortis
1181 2511 1386 2593 exaggerat,
1412 2500 1541 2593 quibus
1559 2501 1707 2573 trucidet
1723 2503 1827 2575 mise·

421 2622 563 2696 rabiiius
584 2623 794 2694 innocentes.
816 2623 879 2695 Pro
903 2644 1052 2716 quorum
1076 2621 1241 2695 ineffabili
1269 2623 1435 2695 malorum
1457 2625 1613 2714 cumulo,
1644 2636 1736 2697 mota
1764 2627 1828 2698 fuit

422 2767 502 2840 sepe
518 2757 632 2818 nostre
656 2745 904 2841 preeminentia
929 2745 1117 2840 dignitatis.
1140 2745 1208 2818 Sed
1231 2766 1293 2817 nos
1320 2748 1451 2840 paterni
1478 2746 1610 2818 servitii
1639 2769 1825 2841 memores,

422 2869 596 2942 voluimus
613 2892 693 2942 cnm
709 2869 850 2942 lenitate
866 2868 1068 2964 procedere,
1097 2868 1314 2941 intendentes
1331 2890 1353 2940 a
1369 2869 1427 2943 via
1444 2869 1534 2942 mala
1549 2871 1663 2941 virum
1683 2870 1829 2966 impium

422 3013 597 3066 revocare.
613 2994 828 3089 Quapropter
849 2993 1048 3065 monuimus
1067 3013 1146 3065 eum
1162 3003 1197 3063 et
1215 2992 1365 3086 benigue
1382 2993 1581 3086 rogavimus
1598 3003 1637 3063 ut
1655 2993 1700 3066 sd
1719 2995 1829 3068 coilo·

423 3116 544 3210 quium
563 3117 721 3212 preterite
734 3116 830 3189 curie
856 3117 1015 3212 preterita
1030 3116 1154 3210 hyeme
1174 3115 1343 3186 indictum
1361 3114 1517 3207 Auguste
1536 3117 1687 3204 veniret,
1705 3117 1765 3188 ubi
1782 3117 1828 3190 de

424 3239 636 3312 restitutione
661 3249 769 3312 status
789 3240 844 3312 sui
861 3221 1094 3336 comparanda
1121 3237 1166 3336 (c)
1189 3261 1268 3311 cum
1292 3238 1457 3334 predictis
1484 3239 1699 3334 principibus
1724 3248 1828 3334 atque

425 3371 553 3449 tecum,
581 3373 615 3434 et
639 3363 809 3436 abolenda
838 3363 980 3436 infamia
999 3363 1195 3458 supradicta
1213 3385 1294 3434 eum
1309 3363 1436 3455 alloqui
1447 3372 1483 3434 et
1496 3385 1574 3433 cum
1590 3385 1632 3435 eo
1647 3363 1829 3457 disponere

424 3485 645 3578 volebamus3
673 3487 813 3582 provisa
837 3487 889 3579 ei,
918 3487 1023 3578 juxta
1049 3486 1305 3580 requisitionem
1328 3495 1363 3557 et
1387 3486 1477 3557 velle
1501 3507 1621 3575 suum,
1648 3487 1829 3558 securitate

425 3609 617 3682 conductus
633 3609 678 3682 de
691 3610 844 3706 personis
862 3631 949 3705 quus
967 3618 1002 3680 et
1015 3619 1099 3703 quot
1121 3609 1233 3681 voluit
1246 3608 1406 3701 exegisse
1411 3636 1423 3692 ,-
1442 3608 1536 3679 iliam
1554 3608 1669 3681 eidem
1685 3611 1829 3702 gratiam

425 3731 627 3804 exhibentes
650 3732 746 3826 quod
764 3733 845 3826 quia
860 3730 1043 3805 dubitabat
1056 3753 1118 3827 pro
1131 3731 1330 3825 hujusmodi
1346 3729 1577 3825 queremoniis
1599 3730 1661 3803 diu
1682 3734 1828 3825 morari,

426 3855 646 3948 promisimus
657 3855 689 3928 ei
704 3877 765 3950 per
782 3855 927 3927 nuncios
945 3877 1027 3926 suos
1038 3855 1133 3948 quod
1150 3876 1279 3927 moram
1300 3863 1334 3926 et
1345 3854 1495 3927 reditum
1512 3855 1558 3927 ad
1575 3877 1673 3926 suam
1687 3855 1832 3950 permit-

428 3986 576 4050 teremus
594 3977 667 4051 fieri
683 3981 911 4069 voluntatem,
939 3987 974 4052 et
991 3979 1084 4072 quod
1101 4000 1182 4052 eum
1197 3999 1301 4072 super
1316 3978 1458 4070 objectis
1470 3977 1517 4050 ad
1527 3977 1702 4069 justiciam
1719 3981 1830 4052 nulla·

426 4108 527 4174 tenus
552 4123 772 4194 cogeremus,
799 4102 932 4174 etiamsi
952 4101 1157 4176 deberemus
1183 4099 1229 4174 de
1253 4101 1393 4175 offensis
1420 4101 1615 4196 principum
1639 4103 1833 4176 satisfacere

427 4245 561 4318 pennos
575 4225 678 4318 ipsos.
692 4225 825 4298 Deinde
842 4226 925 4320 quia
940 4225 1037 4321 apud
1052 4224 1244 4319 Augustam
1262 4224 1309 4296 ad
1322 4225 1451 4297 curiam
1465 4224 1584 4297 venire
1596 4227 1723 4313 noluit,
1745 4247 1833 4320 sup-

427 4347 636 4442 plicantibus
649 4349 749 4421 nobis
763 4370 825 4444 pro
837 4350 957 4421 iterata
966 4348 1126 4421 citatione
1135 4348 1333 4422 suadilecto
1346 4348 1503 4443 principe
1513 4358 1629 4421 nostro
1644 4349 1831 4420 venerabili
1916 4341 1923 4356 '

427 4471 690 4564 salzeburgensi
709 4472 965 4568 archiepiscopo
983 4482 1019 4546 et
1031 4473 1120 4564 aliis,
1138 4471 1275 4545 nunciis
1292 4471 1364 4544 suis
1377 4467 1508 4568 et[iam]
1524 4473 1778 4566 acceptantibus
1794 4481 1833 4544 ut

470 4645 513 4724 (o)
534 4647 614 4708 Haeo
628 4665 646 4708 s
659 4648 750 4708 uerbo
763 4647 879 4730 afflictor
891 4651 923 4710 tn
934 4650 1083 4712 codicibus
1097 4657 1154 4711 202
1169 4656 1199 4710 et
1211 4658 1270 4710 tte
1284 4648 1400 4709 desunt.

471 4751 513 4831 (b)
533 4752 570 4812 In
582 4753 706 4815 codicib.
721 4757 898 4836 conjugatur.

473 4857 510 4938 (c)
531 4863 590 4938 Ap.
608 4861 688 4922 Petr.
703 4863 820 4926 devm.
837 4862 920 4942 (edit.
936 4865 973 4926 de
984 4863 1073 4945 1566)
1082 4864 1180 4945 etipro
1192 4859 1404 4945 comparandi:
1421 4863 1501 4941 quod
1511 4877 1599 4926 sensu
1611 4864 1732 4926 omuino
1744 4871 1830 4927 caret
