<?xml version="1.0" encoding="UTF-8"?>
<!DOCTYPE html PUBLIC "-//W3C//DTD XHTML 1.0 Transitional//EN"
    "http://www.w3.org/TR/xhtml1/DTD/xhtml1-transitional.dtd">
<html xmlns="http://www.w3.org/1999/xhtml" xml:lang="en" lang="en">
 <head>
  <title>
</title>
<meta http-equiv="Content-Type" content="text/html;charset=utf-8" />
  <meta name='ocr-system' content='tesseract 3.04.00' />
  <meta name='ocr-capabilities' content='ocr_page ocr_carea ocr_par ocr_line ocrx_word'/>
</head>
<body>
  <div class='ocr_page' id='page_1' title='image "./historiadiploma05fredgoog_0086.png"; bbox 0 0 4859 6359; ppageno 0'>
   <div class='ocr_carea' id='block_1_1' title="bbox 624 816 2031 896">
    <p class='ocr_par' dir='ltr' id='par_1_1' title="bbox 624 816 2031 896">
     <span class='ocr_line' id='line_1_1' title="bbox 624 816 2031 896; baseline 0.001 -14"><span class='ocrx_word' id='word_1_1' title='bbox 624 819 686 882; x_wconf 74' lang='lat'>628</span> <span class='ocrx_word' id='word_1_2' title='bbox 1145 818 1318 879; x_wconf 83' lang='lat' dir='ltr'>llllNlilCl</span> <span class='ocrx_word' id='word_1_3' title='bbox 1343 816 1510 879; x_wconf 72' lang='lat' dir='ltr'>serutari</span> <span class='ocrx_word' id='word_1_4' title='bbox 1846 818 1927 896; x_wconf 75' lang='lat' dir='ltr'>[dart.</span> <span class='ocrx_word' id='word_1_5' title='bbox 1946 820 2031 883; x_wconf 72' lang='lat' dir='ltr'>tata</span> 
     </span>
    </p>
   </div>
   <div class='ocr_carea' id='block_1_2' title="bbox 612 950 2034 3151">
    <p class='ocr_par' dir='ltr' id='par_1_2' title="bbox 612 950 2034 3151">
     <span class='ocr_line' id='line_1_2' title="bbox 626 950 2034 1049; baseline 0.001 -23"><span class='ocrx_word' id='word_1_6' title='bbox 626 952 860 1049; x_wconf 80' lang='lat' dir='ltr'>spectantibus</span> <span class='ocrx_word' id='word_1_7' title='bbox 870 973 932 1048; x_wconf 89' lang='lat' dir='ltr'>per</span> <span class='ocrx_word' id='word_1_8' title='bbox 947 954 1136 1049; x_wconf 90' lang='lat' dir='ltr'>emptiones</span> <span class='ocrx_word' id='word_1_9' title='bbox 1144 950 1222 1025; x_wconf 88' lang='lat' dir='ltr'>sive</span> <span class='ocrx_word' id='word_1_10' title='bbox 1234 952 1371 1025; x_wconf 88' lang='lat' dir='ltr'>cambia</span> <span class='ocrx_word' id='word_1_11' title='bbox 1384 973 1449 1023; x_wconf 87' lang='lat' dir='ltr'>neo</span> <span class='ocrx_word' id='word_1_12' title='bbox 1464 970 1535 1023; x_wconf 93' lang='lat' dir='ltr'>non</span> <span class='ocrx_word' id='word_1_13' title='bbox 1547 950 1809 1023; x_wconf 86' lang='lat' dir='ltr'>elemosinarum</span> <span class='ocrx_word' id='word_1_14' title='bbox 1819 952 2034 1045; x_wconf 74' lang='lat' dir='ltr'>largitionem</span> 
     </span>
     <span class='ocr_line' id='line_1_3' title="bbox 626 1074 2034 1174; baseline -0.001 -23"><span class='ocrx_word' id='word_1_15' title='bbox 626 1079 795 1174; x_wconf 81' lang='lat' dir='ltr'>adipsum</span> <span class='ocrx_word' id='word_1_16' title='bbox 807 1078 1052 1151; x_wconf 87' lang='lat' dir='ltr'>monasterium</span> <span class='ocrx_word' id='word_1_17' title='bbox 1064 1076 1377 1164; x_wconf 87' lang='lat' dir='ltr'>devoloteluerint,</span> <span class='ocrx_word' id='word_1_18' title='bbox 1394 1076 1502 1149; x_wconf 87' lang='lat' dir='ltr'>libere</span> <span class='ocrx_word' id='word_1_19' title='bbox 1515 1074 1689 1170; x_wconf 84' lang='lat' dir='ltr'>possideat</span> <span class='ocrx_word' id='word_1_20' title='bbox 1700 1075 1858 1168; x_wconf 87' lang='lat' dir='ltr'>etquiete</span> <span class='ocrx_word' id='word_1_21' title='bbox 1865 1076 2034 1171; x_wconf 82' lang='lat' dir='ltr'>quicquid</span> 
     </span>
     <span class='ocr_line' id='line_1_4' title="bbox 625 1199 2033 1293; baseline -0.001 -19"><span class='ocrx_word' id='word_1_22' title='bbox 625 1200 671 1274; x_wconf 88' lang='lat' dir='ltr'>ab</span> <span class='ocrx_word' id='word_1_23' title='bbox 689 1200 818 1273; x_wconf 92' lang='lat' dir='ltr'>eisdem</span> <span class='ocrx_word' id='word_1_24' title='bbox 836 1210 906 1273; x_wconf 91' lang='lat' dir='ltr'>tam</span> <span class='ocrx_word' id='word_1_25' title='bbox 922 1200 969 1273; x_wconf 91' lang='lat' dir='ltr'>da</span> <span class='ocrx_word' id='word_1_26' title='bbox 989 1200 1175 1274; x_wconf 80' lang='lat' dir='ltr'>mobilibus</span> <span class='ocrx_word' id='word_1_27' title='bbox 1191 1222 1298 1293; x_wconf 89' lang='lat' dir='ltr'>quam</span> <span class='ocrx_word' id='word_1_28' title='bbox 1316 1200 1390 1273; x_wconf 90' lang='lat' dir='ltr'>suis</span> <span class='ocrx_word' id='word_1_29' title='bbox 1413 1199 1649 1272; x_wconf 90' lang='lat' dir='ltr'>immobilibus</span> <span class='ocrx_word' id='word_1_30' title='bbox 1671 1199 1877 1271; x_wconf 84' lang='lat' dir='ltr'>conteratur.</span> <span class='ocrx_word' id='word_1_31' title='bbox 1903 1199 2033 1272; x_wconf 81' lang='lat' dir='ltr'>Condr-</span> 
     </span>
     <span class='ocr_line' id='line_1_5' title="bbox 624 1320 2033 1419; baseline 0.001 -22"><span class='ocrx_word' id='word_1_32' title='bbox 624 1346 760 1397; x_wconf 91' lang='lat' dir='ltr'>mamus</span> <span class='ocrx_word' id='word_1_33' title='bbox 776 1324 879 1397; x_wconf 89' lang='lat' dir='ltr'>etiam</span> <span class='ocrx_word' id='word_1_34' title='bbox 900 1325 966 1419; x_wconf 91' lang='lat' dir='ltr'>ipsi</span> <span class='ocrx_word' id='word_1_35' title='bbox 982 1324 1126 1397; x_wconf 88' lang='lat' dir='ltr'>ecclesie</span> <span class='ocrx_word' id='word_1_36' title='bbox 1145 1334 1184 1396; x_wconf 91' lang='lat' dir='ltr'>ut</span> <span class='ocrx_word' id='word_1_37' title='bbox 1199 1323 1367 1417; x_wconf 89' lang='lat' dir='ltr'>quioquid</span> <span class='ocrx_word' id='word_1_38' title='bbox 1388 1345 1436 1395; x_wconf 85' lang='lat' dir='ltr'>ex</span> <span class='ocrx_word' id='word_1_39' title='bbox 1453 1323 1635 1415; x_wconf 76' lang='lat' dir='ltr'>largitione</span> <span class='ocrx_word' id='word_1_40' title='bbox 1652 1320 1870 1416; x_wconf 87' lang='lat' dir='ltr'>pontificum,</span> <span class='ocrx_word' id='word_1_41' title='bbox 1890 1344 2033 1399; x_wconf 63' lang='lat' dir='ltr'>conom-</span> 
     </span>
     <span class='ocr_line' id='line_1_6' title="bbox 623 1445 2030 1542; baseline 0 -23"><span class='ocrx_word' id='word_1_42' title='bbox 623 1446 719 1520; x_wconf 86' lang='lat' dir='ltr'>sione</span> <span class='ocrx_word' id='word_1_43' title='bbox 733 1447 944 1542; x_wconf 82' lang='lat' dir='ltr'>principum,</span> <span class='ocrx_word' id='word_1_44' title='bbox 970 1445 1157 1521; x_wconf 83' lang='lat' dir='ltr'>donatione</span> <span class='ocrx_word' id='word_1_45' title='bbox 1172 1448 1355 1539; x_wconf 90' lang='lat' dir='ltr'>comitum,</span> <span class='ocrx_word' id='word_1_46' title='bbox 1381 1447 1554 1519; x_wconf 89' lang='lat' dir='ltr'>baronum</span> <span class='ocrx_word' id='word_1_47' title='bbox 1574 1467 1637 1518; x_wconf 89' lang='lat' dir='ltr'>sen</span> <span class='ocrx_word' id='word_1_48' title='bbox 1652 1446 1799 1517; x_wconf 92' lang='lat' dir='ltr'>aliorum</span> <span class='ocrx_word' id='word_1_49' title='bbox 1820 1445 1976 1518; x_wconf 87' lang='lat' dir='ltr'>fidelium</span> <span class='ocrx_word' id='word_1_50' title='bbox 1994 1448 2030 1519; x_wconf 92' lang='lat' dir='ltr'>in</span> 
     </span>
     <span class='ocr_line' id='line_1_7' title="bbox 621 1568 2030 1665; baseline 0 -22"><span class='ocrx_word' id='word_1_51' title='bbox 621 1572 871 1665; x_wconf 86' lang='lat' dir='ltr'>presentiarum</span> <span class='ocrx_word' id='word_1_52' title='bbox 890 1573 982 1663; x_wconf 87' lang='lat' dir='ltr'>juste</span> <span class='ocrx_word' id='word_1_53' title='bbox 1004 1594 1044 1645; x_wconf 91' lang='lat' dir='ltr'>ac</span> <span class='ocrx_word' id='word_1_54' title='bbox 1068 1571 1312 1645; x_wconf 85' lang='lat' dir='ltr'>rationabiliter</span> <span class='ocrx_word' id='word_1_55' title='bbox 1328 1569 1481 1665; x_wconf 88' lang='lat' dir='ltr'>possidet</span> <span class='ocrx_word' id='word_1_56' title='bbox 1504 1568 1561 1641; x_wconf 88' lang='lat' dir='ltr'>vel</span> <span class='ocrx_word' id='word_1_57' title='bbox 1590 1570 1627 1639; x_wconf 94' lang='lat' dir='ltr'>in</span> <span class='ocrx_word' id='word_1_58' title='bbox 1649 1570 1805 1641; x_wconf 82' lang='lat' dir='ltr'>futurum</span> <span class='ocrx_word' id='word_1_59' title='bbox 1816 1569 2030 1661; x_wconf 87' lang='lat' dir='ltr'>justedona·</span> 
     </span>
     <span class='ocr_line' id='line_1_8' title="bbox 621 1690 2030 1789; baseline 0.001 -25"><span class='ocrx_word' id='word_1_60' title='bbox 621 1694 725 1767; x_wconf 91' lang='lat' dir='ltr'>tionis</span> <span class='ocrx_word' id='word_1_61' title='bbox 737 1695 835 1767; x_wconf 93' lang='lat' dir='ltr'>titolo</span> <span class='ocrx_word' id='word_1_62' title='bbox 857 1696 980 1789; x_wconf 88' lang='lat' dir='ltr'>poterit</span> <span class='ocrx_word' id='word_1_63' title='bbox 1001 1695 1164 1789; x_wconf 86' lang='lat' dir='ltr'>adipisci,</span> <span class='ocrx_word' id='word_1_64' title='bbox 1189 1694 1289 1767; x_wconf 91' lang='lat' dir='ltr'>lirma</span> <span class='ocrx_word' id='word_1_65' title='bbox 1308 1702 1344 1766; x_wconf 93' lang='lat' dir='ltr'>et</span> <span class='ocrx_word' id='word_1_66' title='bbox 1365 1693 1496 1767; x_wconf 89' lang='lat' dir='ltr'>illibata</span> <span class='ocrx_word' id='word_1_67' title='bbox 1512 1692 1578 1765; x_wconf 91' lang='lat' dir='ltr'>sibi</span> <span class='ocrx_word' id='word_1_68' title='bbox 1591 1690 1923 1787; x_wconf 74' lang='lat' dir='ltr'>permaneantleic),</span> <span class='ocrx_word' id='word_1_69' title='bbox 1953 1695 2030 1766; x_wconf 83' lang='lat' dir='ltr'>bo-</span> 
     </span>
     <span class='ocr_line' id='line_1_9' title="bbox 622 1814 2028 1911; baseline 0.001 -22"><span class='ocrx_word' id='word_1_70' title='bbox 622 1817 717 1890; x_wconf 92' lang='lat' dir='ltr'>mino</span> <span class='ocrx_word' id='word_1_71' title='bbox 730 1827 846 1891; x_wconf 92' lang='lat' dir='ltr'>nostro</span> <span class='ocrx_word' id='word_1_72' title='bbox 864 1817 970 1891; x_wconf 83' lang='lat' dir='ltr'>ihesu</span> <span class='ocrx_word' id='word_1_73' title='bbox 993 1818 1122 1891; x_wconf 88' lang='lat' dir='ltr'>Christo</span> <span class='ocrx_word' id='word_1_74' title='bbox 1146 1818 1292 1891; x_wconf 84' lang='lat' dir='ltr'>feliciter</span> <span class='ocrx_word' id='word_1_75' title='bbox 1316 1817 1539 1891; x_wconf 88' lang='lat' dir='ltr'>concedente.</span> <span class='ocrx_word' id='word_1_76' title='bbox 1559 1814 1615 1888; x_wconf 80' lang='lat' dir='ltr'>Ad</span> <span class='ocrx_word' id='word_1_77' title='bbox 1637 1817 1737 1908; x_wconf 87' lang='lat' dir='ltr'>cujus</span> <span class='ocrx_word' id='word_1_78' title='bbox 1753 1816 1803 1889; x_wconf 86' lang='lat' dir='ltr'>rei</span> <span class='ocrx_word' id='word_1_79' title='bbox 1818 1817 2028 1911; x_wconf 84' lang='lat' dir='ltr'>perhennem</span> 
     </span>
     <span class='ocr_line' id='line_1_10' title="bbox 614 1941 2029 2038; baseline 0.001 -25"><span class='ocrx_word' id='word_1_80' title='bbox 614 1941 839 2031; x_wconf 86' lang='lat' dir='ltr'>memoriam,</span> <span class='ocrx_word' id='word_1_81' title='bbox 868 1952 1060 2036; x_wconf 86' lang='lat' dir='ltr'>presentem</span> <span class='ocrx_word' id='word_1_82' title='bbox 1086 1942 1248 2038; x_wconf 80' lang='lat' dir='ltr'>paginam</span> <span class='ocrx_word' id='word_1_83' title='bbox 1271 1942 1439 2013; x_wconf 85' lang='lat' dir='ltr'>conscribi</span> <span class='ocrx_word' id='word_1_84' title='bbox 1460 1941 1630 2034; x_wconf 86' lang='lat' dir='ltr'>jussimus</span> <span class='ocrx_word' id='word_1_85' title='bbox 1649 1949 1684 2012; x_wconf 92' lang='lat' dir='ltr'>et</span> <span class='ocrx_word' id='word_1_86' title='bbox 1710 1941 1898 2033; x_wconf 85' lang='lat' dir='ltr'>majestatis</span> <span class='ocrx_word' id='word_1_87' title='bbox 1914 1950 2029 2014; x_wconf 82' lang='lat' dir='ltr'>nostra</span> 
     </span>
     <span class='ocr_line' id='line_1_11' title="bbox 617 2062 2027 2159; baseline 0.001 -24"><span class='ocrx_word' id='word_1_88' title='bbox 617 2062 714 2137; x_wconf 91' lang='lat' dir='ltr'>bulla</span> <span class='ocrx_word' id='word_1_89' title='bbox 733 2064 945 2159; x_wconf 81' lang='lat' dir='ltr'>consignari,</span> <span class='ocrx_word' id='word_1_90' title='bbox 974 2066 1070 2159; x_wconf 78' lang='lat' dir='ltr'>regia</span> <span class='ocrx_word' id='word_1_91' title='bbox 1092 2066 1296 2139; x_wconf 85' lang='lat' dir='ltr'>auctoritate</span> <span class='ocrx_word' id='word_1_92' title='bbox 1309 2065 1463 2138; x_wconf 85' lang='lat' dir='ltr'>districta</span> <span class='ocrx_word' id='word_1_93' title='bbox 1474 2064 1703 2159; x_wconf 88' lang='lat' dir='ltr'>precipientes</span> <span class='ocrx_word' id='word_1_94' title='bbox 1717 2074 1757 2135; x_wconf 90' lang='lat' dir='ltr'>nt</span> <span class='ocrx_word' id='word_1_95' title='bbox 1769 2065 1854 2135; x_wconf 92' lang='lat' dir='ltr'>nolli</span> <span class='ocrx_word' id='word_1_96' title='bbox 1872 2088 2027 2159; x_wconf 85' lang='lat' dir='ltr'>unquam</span> 
     </span>
     <span class='ocr_line' id='line_1_12' title="bbox 617 2187 2026 2284; baseline 0.002 -25"><span class='ocrx_word' id='word_1_97' title='bbox 617 2207 763 2280; x_wconf 89' lang='lat' dir='ltr'>persona</span> <span class='ocrx_word' id='word_1_98' title='bbox 784 2188 916 2260; x_wconf 92' lang='lat' dir='ltr'>licitum</span> <span class='ocrx_word' id='word_1_99' title='bbox 944 2190 989 2262; x_wconf 90' lang='lat' dir='ltr'>sit</span> <span class='ocrx_word' id='word_1_100' title='bbox 1014 2190 1105 2261; x_wconf 87' lang='lat' dir='ltr'>hanc</span> <span class='ocrx_word' id='word_1_101' title='bbox 1130 2199 1246 2261; x_wconf 88' lang='lat' dir='ltr'>nostre</span> <span class='ocrx_word' id='word_1_102' title='bbox 1267 2187 1535 2261; x_wconf 84' lang='lat' dir='ltr'>confirmationis</span> <span class='ocrx_word' id='word_1_103' title='bbox 1563 2189 1726 2284; x_wconf 82' lang='lat' dir='ltr'>paginam</span> <span class='ocrx_word' id='word_1_104' title='bbox 1751 2188 1937 2281; x_wconf 76' lang='lat' dir='ltr'>intringere</span> <span class='ocrx_word' id='word_1_105' title='bbox 1963 2210 2026 2262; x_wconf 88' lang='lat' dir='ltr'>seu</span> 
     </span>
     <span class='ocr_line' id='line_1_13' title="bbox 616 2310 2026 2407; baseline 0.003 -24"><span class='ocrx_word' id='word_1_106' title='bbox 616 2310 733 2404; x_wconf 91' lang='lat' dir='ltr'>aliquo</span> <span class='ocrx_word' id='word_1_107' title='bbox 750 2311 783 2383; x_wconf 89' lang='lat' dir='ltr'>ei</span> <span class='ocrx_word' id='word_1_108' title='bbox 803 2312 1001 2385; x_wconf 89' lang='lat' dir='ltr'>temeritatis</span> <span class='ocrx_word' id='word_1_109' title='bbox 1020 2334 1107 2385; x_wconf 89' lang='lat' dir='ltr'>ausu</span> <span class='ocrx_word' id='word_1_110' title='bbox 1127 2314 1282 2385; x_wconf 90' lang='lat' dir='ltr'>obviare.</span> <span class='ocrx_word' id='word_1_111' title='bbox 1309 2314 1386 2398; x_wconf 86' lang='lat' dir='ltr'>Qua</span> <span class='ocrx_word' id='word_1_112' title='bbox 1406 2313 1468 2407; x_wconf 92' lang='lat' dir='ltr'>qui</span> <span class='ocrx_word' id='word_1_113' title='bbox 1491 2314 1602 2385; x_wconf 90' lang='lat' dir='ltr'>lacere</span> <span class='ocrx_word' id='word_1_114' title='bbox 1625 2313 1885 2407; x_wconf 88' lang='lat' dir='ltr'>presumpserit,</span> <span class='ocrx_word' id='word_1_115' title='bbox 1910 2312 1947 2385; x_wconf 91' lang='lat' dir='ltr'>in</span> <span class='ocrx_word' id='word_1_116' title='bbox 1963 2333 2026 2387; x_wconf 87' lang='lat' dir='ltr'>sue</span> 
     </span>
     <span class='ocr_line' id='line_1_14' title="bbox 617 2435 2022 2531; baseline 0.002 -26"><span class='ocrx_word' id='word_1_117' title='bbox 617 2435 885 2529; x_wconf 87' lang='lat' dir='ltr'>presumptionis</span> <span class='ocrx_word' id='word_1_118' title='bbox 912 2458 1036 2530; x_wconf 89' lang='lat' dir='ltr'>penam</span> <span class='ocrx_word' id='word_1_119' title='bbox 1058 2445 1195 2508; x_wconf 89' lang='lat' dir='ltr'>centum</span> <span class='ocrx_word' id='word_1_120' title='bbox 1222 2457 1355 2509; x_wconf 86' lang='lat' dir='ltr'>marcas</span> <span class='ocrx_word' id='word_1_121' title='bbox 1377 2435 1426 2529; x_wconf 84' lang='lat' dir='ltr'>(o)</span> <span class='ocrx_word' id='word_1_122' title='bbox 1451 2437 1585 2528; x_wconf 80' lang='lat' dir='ltr'>urgenti</span> <span class='ocrx_word' id='word_1_123' title='bbox 1615 2436 1806 2509; x_wconf 82' lang='lat' dir='ltr'>examinati</span> <span class='ocrx_word' id='word_1_124' title='bbox 1822 2445 2022 2531; x_wconf 88' lang='lat' dir='ltr'>componat,</span> 
     </span>
     <span class='ocr_line' id='line_1_15' title="bbox 615 2559 1987 2656; baseline 0.003 -27"><span class='ocrx_word' id='word_1_125' title='bbox 615 2578 763 2651; x_wconf 89' lang='lat' dir='ltr'>quarum</span> <span class='ocrx_word' id='word_1_126' title='bbox 780 2559 946 2633; x_wconf 85' lang='lat' dir='ltr'>medietas</span> <span class='ocrx_word' id='word_1_127' title='bbox 965 2559 1048 2632; x_wconf 91' lang='lat' dir='ltr'>lisoo</span> <span class='ocrx_word' id='word_1_128' title='bbox 1066 2570 1196 2650; x_wconf 90' lang='lat' dir='ltr'>nostro,</span> <span class='ocrx_word' id='word_1_129' title='bbox 1218 2583 1299 2655; x_wconf 90' lang='lat' dir='ltr'>pars</span> <span class='ocrx_word' id='word_1_130' title='bbox 1310 2561 1445 2654; x_wconf 85' lang='lat' dir='ltr'>reliqua</span> <span class='ocrx_word' id='word_1_131' title='bbox 1460 2561 1571 2656; x_wconf 87' lang='lat' dir='ltr'>passis</span> <span class='ocrx_word' id='word_1_132' title='bbox 1582 2561 1745 2653; x_wconf 84' lang='lat' dir='ltr'>injuriam</span> <span class='ocrx_word' id='word_1_133' title='bbox 1759 2562 1987 2655; x_wconf 87' lang='lat' dir='ltr'>persolvatur.</span> 
     </span>
     <span class='ocr_line' id='line_1_16' title="bbox 662 2682 2023 2779; baseline 0.002 -26"><span class='ocrx_word' id='word_1_134' title='bbox 662 2682 778 2753; x_wconf 86' lang='lat' dir='ltr'>Testes</span> <span class='ocrx_word' id='word_1_135' title='bbox 790 2682 840 2753; x_wconf 91' lang='lat' dir='ltr'>hii</span> <span class='ocrx_word' id='word_1_136' title='bbox 853 2690 934 2755; x_wconf 91' lang='lat' dir='ltr'>sunt</span> <span class='ocrx_word' id='word_1_137' title='bbox 950 2708 959 2753; x_wconf 75' lang='grc' dir='ltr'><strong><em>ε</em></strong></span> <span class='ocrx_word' id='word_1_138' title='bbox 978 2685 1017 2755; x_wconf 89' lang='grc' dir='ltr'>Β.</span> <span class='ocrx_word' id='word_1_139' title='bbox 1036 2683 1509 2777; x_wconf 76' lang='lat' dir='ltr'>venerabilisdrgentinensis</span> <span class='ocrx_word' id='word_1_140' title='bbox 1520 2684 1719 2779; x_wconf 91' lang='lat' dir='ltr'>episcopus,</span> <span class='ocrx_word' id='word_1_141' title='bbox 1733 2684 1773 2757; x_wconf 89' lang='lat' dir='ltr'>C.</span> <span class='ocrx_word' id='word_1_142' title='bbox 1789 2684 1899 2757; x_wconf 88' lang='lat' dir='ltr'>abbas</span> <span class='ocrx_word' id='word_1_143' title='bbox 1907 2685 2023 2759; x_wconf 86' lang='lat' dir='ltr'>Sancti</span> 
     </span>
     <span class='ocr_line' id='line_1_17' title="bbox 614 2800 2023 2903; baseline 0.006 -31"><span class='ocrx_word' id='word_1_144' title='bbox 614 2800 714 2893; x_wconf 86' lang='lat' dir='ltr'>Galli,</span> <span class='ocrx_word' id='word_1_145' title='bbox 737 2814 852 2879; x_wconf 88' lang='lat' dir='ltr'>romes&#39;</span> <span class='ocrx_word' id='word_1_146' title='bbox 868 2807 1047 2879; x_wconf 88' lang='lat' dir='ltr'>lleinricns</span> <span class='ocrx_word' id='word_1_147' title='bbox 1070 2807 1114 2881; x_wconf 90' lang='lat' dir='ltr'>de</span> <span class='ocrx_word' id='word_1_148' title='bbox 1127 2807 1268 2895; x_wconf 90' lang='lat' dir='ltr'>Werda,</span> <span class='ocrx_word' id='word_1_149' title='bbox 1289 2829 1404 2881; x_wconf 89' lang='lat' dir='ltr'>comes</span> <span class='ocrx_word' id='word_1_150' title='bbox 1417 2808 1523 2881; x_wconf 90' lang='lat' dir='ltr'>Woll.</span> <span class='ocrx_word' id='word_1_151' title='bbox 1541 2805 1823 2903; x_wconf 65' lang='lat' dir='ltr'>detergenti),</span> <span class='ocrx_word' id='word_1_152' title='bbox 1843 2808 2023 2881; x_wconf 85' lang='lat' dir='ltr'>Heinricus</span> 
     </span>
     <span class='ocr_line' id='line_1_18' title="bbox 614 2924 2023 3029; baseline 0.004 -30"><span class='ocrx_word' id='word_1_153' title='bbox 614 2924 660 2999; x_wconf 90' lang='lat' dir='ltr'>de</span> <span class='ocrx_word' id='word_1_154' title='bbox 677 2926 796 3019; x_wconf 89' lang='lat' dir='ltr'>Niien,</span> <span class='ocrx_word' id='word_1_155' title='bbox 816 2926 978 3003; x_wconf 81' lang='lat' dir='ltr'>Albertus</span> <span class='ocrx_word' id='word_1_156' title='bbox 997 2932 1098 3003; x_wconf 84' lang='lat' dir='ltr'>irater</span> <span class='ocrx_word' id='word_1_157' title='bbox 1115 2932 1245 3027; x_wconf 89' lang='lat' dir='ltr'>ipsius,</span> <span class='ocrx_word' id='word_1_158' title='bbox 1272 2931 1493 3005; x_wconf 87' lang='lat' dir='ltr'>Eberhardus</span> <span class='ocrx_word' id='word_1_159' title='bbox 1512 2931 1559 3004; x_wconf 92' lang='lat' dir='ltr'>de</span> <span class='ocrx_word' id='word_1_160' title='bbox 1580 2932 1799 3022; x_wconf 87' lang='lat' dir='ltr'>Eberstaine,</span> <span class='ocrx_word' id='word_1_161' title='bbox 1826 2932 1868 3003; x_wconf 88' lang='grc' dir='ltr'>Ε.</span> <span class='ocrx_word' id='word_1_162' title='bbox 1888 2932 2023 3029; x_wconf 80' lang='lat' dir='ltr'>dapifer</span> 
     </span>
     <span class='ocr_line' id='line_1_19' title="bbox 612 3046 2019 3151; baseline 0.006 -31"><span class='ocrx_word' id='word_1_163' title='bbox 612 3046 658 3120; x_wconf 93' lang='lat' dir='ltr'>de</span> <span class='ocrx_word' id='word_1_164' title='bbox 672 3049 853 3143; x_wconf 89' lang='lat' dir='ltr'>Walpurc,</span> <span class='ocrx_word' id='word_1_165' title='bbox 874 3053 1055 3125; x_wconf 85' lang='lat' dir='ltr'>Heinricus</span> <span class='ocrx_word' id='word_1_166' title='bbox 1067 3055 1277 3127; x_wconf 90' lang='lat' dir='ltr'>camerarius</span> <span class='ocrx_word' id='word_1_167' title='bbox 1290 3054 1337 3127; x_wconf 89' lang='lat' dir='ltr'>de</span> <span class='ocrx_word' id='word_1_168' title='bbox 1350 3056 1589 3151; x_wconf 85' lang='lat' dir='ltr'>liuvensporc,</span> <span class='ocrx_word' id='word_1_169' title='bbox 1602 3056 1797 3129; x_wconf 88' lang='lat' dir='ltr'>Fridericus</span> <span class='ocrx_word' id='word_1_170' title='bbox 1809 3058 2019 3146; x_wconf 83' lang='lat' dir='ltr'>iratersuus,</span> 
     </span>
    </p>
   </div>
   <div class='ocr_carea' id='block_1_3' title="bbox 611 3170 2020 3770">
    <p class='ocr_par' dir='ltr' id='par_1_3' title="bbox 611 3170 1580 3276">
     <span class='ocr_line' id='line_1_20' title="bbox 611 3170 1580 3276; baseline 0.01 -33"><span class='ocrx_word' id='word_1_171' title='bbox 611 3170 832 3249; x_wconf 86' lang='lat' dir='ltr'>Eberbardus</span> <span class='ocrx_word' id='word_1_172' title='bbox 845 3176 890 3249; x_wconf 88' lang='lat' dir='ltr'>de</span> <span class='ocrx_word' id='word_1_173' title='bbox 904 3178 1208 3273; x_wconf 80' lang='lat' dir='ltr'>Hertingesberge,</span> <span class='ocrx_word' id='word_1_174' title='bbox 1227 3189 1262 3251; x_wconf 92' lang='lat' dir='ltr'>et</span> <span class='ocrx_word' id='word_1_175' title='bbox 1273 3180 1331 3252; x_wconf 89' lang='lat' dir='ltr'>ulii</span> <span class='ocrx_word' id='word_1_176' title='bbox 1346 3182 1580 3276; x_wconf 90' lang='lat' dir='ltr'>quamplures.</span> 
     </span>
    </p>

    <p class='ocr_par' dir='ltr' id='par_1_4' title="bbox 613 3294 2020 3646">
     <span class='ocr_line' id='line_1_21' title="bbox 661 3294 2017 3395; baseline 0.007 -28"><span class='ocrx_word' id='word_1_177' title='bbox 661 3294 785 3369; x_wconf 86' lang='lat' dir='ltr'>Actum</span> <span class='ocrx_word' id='word_1_178' title='bbox 804 3321 896 3372; x_wconf 92' lang='lat' dir='ltr'>anno</span> <span class='ocrx_word' id='word_1_179' title='bbox 914 3300 1086 3373; x_wconf 91' lang='lat' dir='ltr'>dominice</span> <span class='ocrx_word' id='word_1_180' title='bbox 1098 3302 1343 3377; x_wconf 89' lang='lat' dir='ltr'>incarnationis</span> <span class='ocrx_word' id='word_1_181' title='bbox 1356 3305 1541 3377; x_wconf 89' lang='lat' dir='ltr'>millesimo</span> <span class='ocrx_word' id='word_1_182' title='bbox 1552 3305 1788 3377; x_wconf 89' lang='lat' dir='ltr'>ducentesimo</span> <span class='ocrx_word' id='word_1_183' title='bbox 1800 3306 1910 3377; x_wconf 84' lang='lat' dir='ltr'>XXX⁰</span> <span class='ocrx_word' id='word_1_184' title='bbox 1923 3306 2017 3395; x_wconf 82' lang='lat' dir='ltr'>llll¹·,</span> 
     </span>
     <span class='ocr_line' id='line_1_22' title="bbox 613 3417 2020 3523; baseline 0.009 -34"><span class='ocrx_word' id='word_1_185' title='bbox 613 3417 802 3493; x_wconf 91' lang='lat' dir='ltr'>indictione</span> <span class='ocrx_word' id='word_1_186' title='bbox 816 3423 979 3517; x_wconf 88' lang='lat' dir='ltr'>septima,</span> <span class='ocrx_word' id='word_1_187' title='bbox 998 3434 1164 3518; x_wconf 79' lang='lat' dir='ltr'>regnante</span> <span class='ocrx_word' id='word_1_188' title='bbox 1176 3424 1316 3499; x_wconf 92' lang='lat' dir='ltr'>domino</span> <span class='ocrx_word' id='word_1_189' title='bbox 1329 3429 1490 3501; x_wconf 84' lang='lat' dir='ltr'>Heinrico</span> <span class='ocrx_word' id='word_1_190' title='bbox 1503 3429 1736 3501; x_wconf 83' lang='lat' dir='ltr'>Romanorum</span> <span class='ocrx_word' id='word_1_191' title='bbox 1758 3448 1841 3523; x_wconf 78' lang='lat' dir='ltr'>rege</span> <span class='ocrx_word' id='word_1_192' title='bbox 1861 3428 2020 3501; x_wconf 86' lang='lat' dir='ltr'>invictis-</span> 
     </span>
     <span class='ocr_line' id='line_1_23' title="bbox 613 3540 1704 3646; baseline 0.01 -33"><span class='ocrx_word' id='word_1_193' title='bbox 613 3540 721 3630; x_wconf 90' lang='lat' dir='ltr'>simo,</span> <span class='ocrx_word' id='word_1_194' title='bbox 740 3564 832 3617; x_wconf 87' lang='lat' dir='ltr'>anno</span> <span class='ocrx_word' id='word_1_195' title='bbox 847 3546 945 3640; x_wconf 77' lang='lat' dir='ltr'>regni</span> <span class='ocrx_word' id='word_1_196' title='bbox 966 3547 1042 3639; x_wconf 91' lang='lat' dir='ltr'>ejus</span> <span class='ocrx_word' id='word_1_197' title='bbox 1058 3550 1163 3621; x_wconf 89' lang='lat' dir='ltr'>tercio</span> <span class='ocrx_word' id='word_1_198' title='bbox 1177 3548 1312 3623; x_wconf 87' lang='lat' dir='ltr'>decimo</span> <span class='ocrx_word' id='word_1_199' title='bbox 1325 3548 1392 3646; x_wconf 92' lang='lat' dir='ltr'>(l).</span> <span class='ocrx_word' id='word_1_200' title='bbox 1413 3550 1704 3646; x_wconf 62' lang='lat' dir='ltr'>(memommu.)</span> 
     </span>
    </p>

    <p class='ocr_par' dir='ltr' id='par_1_5' title="bbox 660 3666 2015 3770">
     <span class='ocr_line' id='line_1_24' title="bbox 660 3666 2015 3770; baseline 0.008 -36"><span class='ocrx_word' id='word_1_201' title='bbox 660 3666 784 3738; x_wconf 91' lang='lat' dir='ltr'>Datum</span> <span class='ocrx_word' id='word_1_202' title='bbox 793 3668 887 3763; x_wconf 91' lang='lat' dir='ltr'>apud</span> <span class='ocrx_word' id='word_1_203' title='bbox 896 3669 1108 3761; x_wconf 79' lang='lat' dir='ltr'>Hagcnowe,</span> <span class='ocrx_word' id='word_1_204' title='bbox 1126 3692 1244 3744; x_wconf 87' lang='lat' dir='ltr'>mense</span> <span class='ocrx_word' id='word_1_205' title='bbox 1257 3672 1444 3765; x_wconf 84' lang='lat' dir='ltr'>februario,</span> <span class='ocrx_word' id='word_1_206' title='bbox 1459 3683 1583 3747; x_wconf 87' lang='lat' dir='ltr'>octavo</span> <span class='ocrx_word' id='word_1_207' title='bbox 1596 3673 1762 3749; x_wconf 87' lang='lat' dir='ltr'>kalendas</span> <span class='ocrx_word' id='word_1_208' title='bbox 1774 3674 1938 3748; x_wconf 79' lang='lat' dir='ltr'>fabruarii</span> <span class='ocrx_word' id='word_1_209' title='bbox 1948 3672 2015 3770; x_wconf 77' lang='lat'>(2).</span> 
     </span>
    </p>
   </div>
   <div class='ocr_carea' id='block_1_4' title="bbox 610 3865 2017 4159">
    <p class='ocr_par' dir='ltr' id='par_1_6' title="bbox 610 3865 2017 4159">
     <span class='ocr_line' id='line_1_25' title="bbox 653 3865 1309 3947; baseline 0.014 -21"><span class='ocrx_word' id='word_1_210' title='bbox 653 3865 694 3945; x_wconf 85' lang='lat' dir='ltr'>(a)</span> <span class='ocrx_word' id='word_1_211' title='bbox 716 3869 752 3929; x_wconf 92' lang='lat' dir='ltr'>In</span> <span class='ocrx_word' id='word_1_212' title='bbox 765 3868 915 3947; x_wconf 82' lang='lat' dir='ltr'>privilegio</span> <span class='ocrx_word' id='word_1_213' title='bbox 928 3870 1068 3931; x_wconf 87' lang='lat' dir='ltr'>Frlderlcl</span> <span class='ocrx_word' id='word_1_214' title='bbox 1081 3878 1195 3932; x_wconf 81' lang='lat' dir='ltr'>rentum</span> <span class='ocrx_word' id='word_1_215' title='bbox 1207 3870 1309 3935; x_wconf 82' lang='lat' dir='ltr'>librar.</span> 
     </span>
     <span class='ocr_line' id='line_1_26' title="bbox 653 3970 2017 4060; baseline 0.008 -29"><span class='ocrx_word' id='word_1_216' title='bbox 653 3970 693 4051; x_wconf 86' lang='lat' dir='ltr'>(b)</span> <span class='ocrx_word' id='word_1_217' title='bbox 715 3974 920 4035; x_wconf 87' lang='lat' dir='ltr'>Verislmlliter</span> <span class='ocrx_word' id='word_1_218' title='bbox 933 3992 1031 4038; x_wconf 83' lang='lat' dir='ltr'>comes</span> <span class='ocrx_word' id='word_1_219' title='bbox 1050 3975 1254 4057; x_wconf 80' lang='lat' dir='ltr'>Woljrammor</span> <span class='ocrx_word' id='word_1_220' title='bbox 1263 3978 1298 4039; x_wconf 80' lang='lat' dir='ltr'>de</span> <span class='ocrx_word' id='word_1_221' title='bbox 1315 3978 1467 4060; x_wconf 76' lang='lat' dir='ltr'>Veriaprn,</span> <span class='ocrx_word' id='word_1_222' title='bbox 1480 3984 1589 4042; x_wconf 90' lang='lat' dir='ltr'>omisso</span> <span class='ocrx_word' id='word_1_223' title='bbox 1602 3980 1810 4043; x_wconf 83' lang='lat' dir='ltr'>abreviatlonls</span> <span class='ocrx_word' id='word_1_224' title='bbox 1823 3984 1919 4059; x_wconf 84' lang='lat' dir='ltr'>signo.</span> <span class='ocrx_word' id='word_1_225' title='bbox 1933 3980 2017 4042; x_wconf 88' lang='lat' dir='ltr'>Idem</span> 
     </span>
     <span class='ocr_line' id='line_1_27' title="bbox 610 4079 1000 4159; baseline 0.021 -23"><span class='ocrx_word' id='word_1_226' title='bbox 610 4079 662 4155; x_wconf 86' lang='lat' dir='ltr'>qut</span> <span class='ocrx_word' id='word_1_227' title='bbox 675 4079 764 4155; x_wconf 91' lang='lat' dir='ltr'>paulo</span> <span class='ocrx_word' id='word_1_228' title='bbox 776 4079 866 4153; x_wconf 85' lang='lat' dir='ltr'>inira,</span> <span class='ocrx_word' id='word_1_229' title='bbox 884 4098 914 4159; x_wconf 92' lang='lat' dir='ltr'>p.</span> <span class='ocrx_word' id='word_1_230' title='bbox 931 4091 1000 4144; x_wconf 76' lang='lat' dir='ltr'>oto.</span> 
     </span>
    </p>
   </div>
   <div class='ocr_carea' id='block_1_5' title="bbox 608 4370 2016 4841">
    <p class='ocr_par' dir='ltr' id='par_1_7' title="bbox 608 4370 2016 4540">
     <span class='ocr_line' id='line_1_28' title="bbox 646 4370 2016 4453; baseline 0.013 -30"><span class='ocrx_word' id='word_1_231' title='bbox 646 4370 681 4443; x_wconf 89' lang='lat' dir='ltr'>(t)</span> <span class='ocrx_word' id='word_1_232' title='bbox 700 4370 727 4428; x_wconf 90' lang='lat' dir='ltr'>Si</span> <span class='ocrx_word' id='word_1_233' title='bbox 740 4386 826 4429; x_wconf 88' lang='lat' dir='ltr'>annus</span> <span class='ocrx_word' id='word_1_234' title='bbox 840 4373 914 4445; x_wconf 87' lang='lat' dir='ltr'>regni</span> <span class='ocrx_word' id='word_1_235' title='bbox 928 4380 1097 4448; x_wconf 85' lang='lat' dir='ltr'>computetur</span> <span class='ocrx_word' id='word_1_236' title='bbox 1108 4392 1125 4432; x_wconf 90' lang='lat' dir='ltr'>a</span> <span class='ocrx_word' id='word_1_237' title='bbox 1136 4378 1170 4434; x_wconf 76' lang='grc'>23</span> <span class='ocrx_word' id='word_1_238' title='bbox 1181 4376 1442 4450; x_wconf 65' lang='lat' dir='ltr'>spelterolensis</span> <span class='ocrx_word' id='word_1_239' title='bbox 1453 4377 1694 4453; x_wconf 70' lang='lat' dir='ltr'>poenordecimur</span> <span class='ocrx_word' id='word_1_240' title='bbox 1704 4393 1766 4437; x_wconf 84' lang='lat' dir='ltr'>ease</span> <span class='ocrx_word' id='word_1_241' title='bbox 1778 4379 1903 4453; x_wconf 78' lang='lat' dir='ltr'>deberet,</span> <span class='ocrx_word' id='word_1_242' title='bbox 1917 4381 2016 4441; x_wconf 82' lang='lat' dir='ltr'>sivero</span> 
     </span>
     <span class='ocr_line' id='line_1_29' title="bbox 608 4464 1115 4540; baseline 0.016 -18"><span class='ocrx_word' id='word_1_243' title='bbox 608 4464 643 4522; x_wconf 93' lang='lat' dir='ltr'>ab</span> <span class='ocrx_word' id='word_1_244' title='bbox 657 4474 752 4525; x_wconf 89' lang='lat' dir='ltr'>octavo</span> <span class='ocrx_word' id='word_1_245' title='bbox 763 4468 826 4523; x_wconf 86' lang='lat' dir='ltr'>maii</span> <span class='ocrx_word' id='word_1_246' title='bbox 839 4468 1115 4540; x_wconf 54' lang='lat' dir='ltr'>inundantissimae</span> 
     </span>
    </p>

    <p class='ocr_par' dir='ltr' id='par_1_8' title="bbox 608 4562 2016 4841">
     <span class='ocr_line' id='line_1_30' title="bbox 646 4562 2016 4647; baseline 0.012 -28"><span class='ocrx_word' id='word_1_247' title='bbox 646 4562 682 4637; x_wconf 73' lang='lat' dir='ltr'>(i)</span> <span class='ocrx_word' id='word_1_248' title='bbox 700 4563 767 4621; x_wconf 87' lang='lat' dir='ltr'>Cum</span> <span class='ocrx_word' id='word_1_249' title='bbox 781 4572 861 4623; x_wconf 86' lang='lat' dir='ltr'>notua</span> <span class='ocrx_word' id='word_1_250' title='bbox 879 4566 1082 4641; x_wconf 85' lang='lat' dir='ltr'>chronologicae</span> <span class='ocrx_word' id='word_1_251' title='bbox 1100 4584 1154 4627; x_wconf 91' lang='lat' dir='ltr'>uon</span> <span class='ocrx_word' id='word_1_252' title='bbox 1168 4571 1239 4627; x_wconf 91' lang='lat' dir='ltr'>inter</span> <span class='ocrx_word' id='word_1_253' title='bbox 1251 4586 1283 4629; x_wconf 91' lang='lat' dir='ltr'>se</span> <span class='ocrx_word' id='word_1_254' title='bbox 1296 4573 1473 4641; x_wconf 89' lang='lat' dir='ltr'>concordent,</span> <span class='ocrx_word' id='word_1_255' title='bbox 1488 4574 1579 4647; x_wconf 90' lang='lat' dir='ltr'>potios</span> <span class='ocrx_word' id='word_1_256' title='bbox 1597 4572 1703 4631; x_wconf 86' lang='lat' dir='ltr'>ultimis</span> <span class='ocrx_word' id='word_1_257' title='bbox 1715 4574 1861 4632; x_wconf 60' lang='lat' dir='ltr'>Mum</span> <span class='ocrx_word' id='word_1_258' title='bbox 1880 4576 2016 4635; x_wconf 72' lang='lat' dir='ltr'>aodimus</span> 
     </span>
     <span class='ocr_line' id='line_1_31' title="bbox 610 4660 2015 4749; baseline 0.014 -34"><span class='ocrx_word' id='word_1_259' title='bbox 610 4674 681 4731; x_wconf 88' lang='lat' dir='ltr'>quae</span> <span class='ocrx_word' id='word_1_260' title='bbox 693 4660 851 4718; x_wconf 87' lang='lat' dir='ltr'>vicesimum</span> <span class='ocrx_word' id='word_1_261' title='bbox 859 4664 981 4736; x_wconf 92' lang='lat' dir='ltr'>quintum</span> <span class='ocrx_word' id='word_1_262' title='bbox 989 4667 1106 4739; x_wconf 86' lang='lat' dir='ltr'>januarii</span> <span class='ocrx_word' id='word_1_263' title='bbox 1113 4668 1183 4724; x_wconf 89' lang='lat' dir='ltr'>diem</span> <span class='ocrx_word' id='word_1_264' title='bbox 1192 4669 1320 4739; x_wconf 91' lang='lat' dir='ltr'>indicant,</span> <span class='ocrx_word' id='word_1_265' title='bbox 1333 4671 1384 4727; x_wconf 90' lang='lat' dir='ltr'>nisi</span> <span class='ocrx_word' id='word_1_266' title='bbox 1396 4670 1466 4729; x_wconf 83' lang='lat' dir='ltr'>torte</span> <span class='ocrx_word' id='word_1_267' title='bbox 1475 4670 1647 4730; x_wconf 87' lang='lat' dir='ltr'>amanuensis</span> <span class='ocrx_word' id='word_1_268' title='bbox 1660 4677 1755 4731; x_wconf 79' lang='lat' dir='ltr'>octavo</span> <span class='ocrx_word' id='word_1_269' title='bbox 1765 4672 1895 4731; x_wconf 81' lang='lat' dir='ltr'>kalendas</span> <span class='ocrx_word' id='word_1_270' title='bbox 1904 4674 2015 4749; x_wconf 73' lang='lat' dir='ltr'>{obrec-</span> 
     </span>
     <span class='ocr_line' id='line_1_32' title="bbox 608 4756 1370 4841; baseline 0.018 -31"><span class='ocrx_word' id='word_1_271' title='bbox 608 4756 649 4811; x_wconf 82' lang='lat' dir='ltr'>rii</span> <span class='ocrx_word' id='word_1_272' title='bbox 662 4772 711 4829; x_wconf 90' lang='lat' dir='ltr'>pro</span> <span class='ocrx_word' id='word_1_273' title='bbox 723 4761 821 4816; x_wconf 83' lang='lat' dir='ltr'>martti</span> <span class='ocrx_word' id='word_1_274' title='bbox 833 4763 878 4833; x_wconf 69' lang='lat' dir='ltr'>l²²</span> <span class='ocrx_word' id='word_1_275' title='bbox 888 4761 967 4836; x_wconf 87' lang='lat' dir='ltr'>lebr.)</span> <span class='ocrx_word' id='word_1_276' title='bbox 982 4779 1031 4837; x_wconf 92' lang='lat' dir='ltr'>per</span> <span class='ocrx_word' id='word_1_277' title='bbox 1045 4766 1213 4823; x_wconf 88' lang='lat' dir='ltr'>oscitantiam</span> <span class='ocrx_word' id='word_1_278' title='bbox 1224 4767 1370 4841; x_wconf 86' lang='lat' dir='ltr'>scripserit.</span> 
     </span>
    </p>
   </div>
   <div class='ocr_carea' id='block_1_6' title="bbox 0 0 2434 6359">
    <p class='ocr_par' dir='ltr' id='par_1_9' title="bbox 0 0 2434 6359">
     <span class='ocr_line' id='line_1_33' title="bbox 0 0 2434 6359; baseline 0 7"><span class='ocrx_word' id='word_1_279' title='bbox 0 0 2434 6359; x_wconf 95' lang='lat' dir='ltr'> </span> 
     </span>
    </p>
   </div>
  </div>
 </body>
</html>
