4859 6359
618 730 680 794 996
1081 732 1209 795 tubex
1231 729 1579 793 nocbttltbuootltt.

616 1038 756 1121 Τοῐιῖ
837 1060 926 1139 nouo
1004 1094 1046 1107 -
1063 1060 1233 1139 eonem
1247 1062 1378 1125 neone
1391 1062 1554 1133 menno,
1567 1064 1779 1137 maneum
1792 1068 1908 1143 ugone
1921 1067 2033 1130 roum-

797 1157 970 1219 anblurt.
1044 1172 1112 1217 rum
1123 1163 1155 1218 et
1166 1158 1330 1221 iorelonnm
1343 1160 1491 1221 montium
1503 1172 1555 1235 per
1567 1158 1769 1235 Briognurtnm
1783 1176 1872 1239 super
1884 1180 1944 1239 quo
1955 1166 2032 1225 iuter

1045 1255 1244 1317 mumionem
1259 1257 1298 1318 tle
1310 1257 1412 1319 Bellen
1428 1260 1459 1317 et
1470 1256 1607 1317 oomitem
1622 1254 1660 1317 tle
1678 1256 1779 1319 Umob
1795 1258 1833 1319 llo
1852 1260 2031 1335 vertebatur,

1044 1351 1258 1415 &flmmeum
1275 1356 1444 1432 eptoeopum
1457 1350 1493 1431 :et
1509 1352 1661 1413 eooleoiem
1681 1352 1871 1416 Beoibmoem
1889 1358 2032 1433 perbone

1044 1448 1186 1510 decernit.
1972 1462 2031 1515 629

633 1572 742 1635 tfobr.
840 1569 929 1646 Apud
1005 1600 1046 1617 -
1064 1572 1100 1631 ln
1115 1572 1327 1649 preteetionem
1348 1586 1433 1631 ruem
1451 1570 1576 1647 muniuit
1593 1574 1803 1634 monesterium
1822 1576 2031 1637 emolimento·

780 1665 990 1728 bbenbeolurt
1045 1670 1119 1730 lium
1132 1670 1335 1747 Hlmmeltbni,
1349 1669 1514 1745 meeieliter
1526 1669 1731 1730 oouoedeuout
1739 1686 1943 1749 quoecumque
1954 1672 2031 1735 boue

1045 1766 1383 1827 eminioteriulibureive
1395 1764 1608 1826 lnbenebeiutis
1620 1772 1673 1826 eut
1684 1769 1777 1827 terrie
1789 1770 1877 1846 reglis
1889 1772 2031 1848 aequiritur

1044 1869 1076 1925 et
1088 1864 1227 1940 deinoepo
1239 1862 1428 1939 oequbeude,
1443 1860 1538 1923 elin
1552 1867 1616 1922 retu
1629 1870 1830 1939 permaneant.
1971 1875 2026 1928 ott

633 1984 743 2048 biebr.
838 1984 927 2061 Apud
1005 2018 1046 2031 -
1065 1984 1225 2048 Proiitetur
1248 1984 1470 2045 ministerialem
1497 2000 1584 2045 sunm
1604 1983 1800 2047 Gioelbertum
1821 1987 1859 2047 ‹le
1879 1986 2030 2049 Eeobborn

786 2082 982 2145 Frenkenlort
1044 2100 1106 2145 nno
1118 2100 1187 2144 eum
1201 2083 1381 2161 cunegunde
1393 2085 1487 2159 ipsius
1499 2100 1593 2143 uxore
1604 2084 1732 2146 elaustro
1744 2085 1783 2146 (le
1796 2084 1951 2165 Arnobnrg
1962 2102 2030 2147 our-

798 2182 830 2241 ln
843 2180 968 2241 oolemnl
1043 2186 1106 2241 tem
1124 2180 1217 2257 ipone
1234 2180 1266 2239 in
1285 2178 1459 2240 llerliobelm
1479 2195 1548 2241 eum
1570 2180 1707 2241 omnibus
1724 2182 1909 2259 pertinentiis
1925 2182 1963 2243 de
1981 2198 2028 2243 uo·

837 2279 930 2339 eurio.
1043 2292 1131 2337 oenou
1144 2290 1379 2353 euopermunue
1391 2292 1460 2336 ouer
1472 2276 1692 2337 oontrndltliooe.
1970 2286 2027 2340 ott

633 2397 743 2459 oiebr.
835 2397 926 2474 Apud
1004 2432 1045 2445 -
1062 2398 1175 2461 Abbrti
1186 2406 1217 2459 et
1227 2401 1386 2460 eonventul
1398 2400 1435 2461 de
1446 2398 1791 2479 Portu‚lluenburgeuolo
1803 2400 2030 2472 dloeoeoleeon·

781 2490 980 2555 Freukeoiort
1042 2496 1122 2557 eedit
1133 2502 1169 2555 ut
1185 2511 1378 2573 quaeeunque
1395 2498 1591 2573 pommlonee
1604 2512 1791 2573 quocumque
1801 2498 1889 2559 titulo
1902 2513 1921 2558 ι
1932 2496 2029 2560 fideli-

795 2590 829 2649 in
841 2590 965 2651 eoiemnl
1042 2590 1100 2651 buo
1112 2591 1228 2667 imperii
1241 2589 1436 2665 obtinuerint,
1450 2592 1514 2653 eine
1531 2594 1613 2651 omni
1628 2590 1858 2653 oontrodiotioue
1875 2593 1908 2653 in
1922 2610 2029 2671 pune-

835 2691 929 2751 eurie.
1041 2694 1127 2749 tuum
1140 2686 1319 2763 possideant.
1969 2701 2027 2754 titt

629 2816 665 2869 io
678 2807 754 2871 lebr,
834 2806 924 2885 nouo
1002 2843 1040 2857 -
1062 2812 1170 2873 Notum
1182 2809 2029 2887 leniteentmtluminproeoeotineumlntnmetebebbete

780 2903 982 2968 Frnnltenlort
1042 2907 1143 2970 senon
1156 2907 1234 2969 Gelli
1247 2906 1427 2985 pubiioetom
1443 2924 1451 2965 t
1470 2907 1581 2967 eoilloet
1601 2908 1681 2985 quob
1697 2907 1798 2969 nullut
1819 2909 1943 2971 oeonlert
1964 2910 2028 2971 soro

794 3002 827 3062 in
838 3003 963 3065 roiemni
1041 3007 1222 3084 proruimus
1241 3004 1288 3064 vel
1305 3003 1502 3065 eoolerimtioo
1514 3003 1628 3083 judicio
1645 3008 1918 3067 exeommunloutue
1933 3005 2027 3068 foeni·

834 3104 927 3164 eurio.
1040 3108 1133 3163 tutem
1146 3100 1866 3180 bebeutedominoeuojueleuduleexqolreurll.
1968 3112 2028 3167 ott

627 3232 663 3285 to
678 3222 754 3285 lebr.
835 3225 924 3302 Apud
1001 3257 1043 3269 —
1060 3224 1172 3286 Notum
1184 3222 1257 3285 inoit
1274 3225 1433 3301 universi,
1442 3226 1618 3284 tenuem
1627 3222 1756 3285 dloinnte
1770 3226 1876 3285 oomlte
1889 3226 2028 3305 Egmone

778 3320 977 3384 Fruolteoiort
1040 3321 1079 3383 ‹le
1091 3320 1227 3393 llroeb‚o
1240 3336 1272 3380 ee
1286 3318 1447 3379 dliilnltum
1460 3316 1551 3380 futore
1563 3318 1641 3397 quod
1653 3322 1678 3380 ui
1691 3326 1811 3399 treugae
1824 3322 1950 3382 uioletoe
1962 3320 2027 3383 loe-

794 3420 826 3478 in
841 3419 965 3480 solemni
1040 3419 1112 3491 rint,
1125 3418 1169 3477 illl
1183 3418 1268 3494 eolus
1277 3416 1399 3476 intereo
1411 3414 1558 3477 incumbit
1568 3415 1713 3493 probatio,
1719 3416 1768 3477 vel
1780 3418 1806 3477 oi
1818 3422 1909 3478 testeo
1919 3416 2026 3479 bebere

832 3516 927 3575 eurio.
1040 3514 1254 3592 uonpotuerit,
1267 3512 1923 3593 inmonomeebioeumreoeongretlldebet.
1967 3524 2024 3577 ιιι

626 3646 660 3699 ti
677 3636 751 3700 iebr.
831 3634 921 3713 Apul
1000 3668 1042 3681 -
1060 3634 1289 3696 constitutiones
1311 3632 1460 3712 generales
1481 3632 1648 3713 promulgat
1671 3634 1709 3696 (le
1724 3636 1808 3696 reloir
1826 3634 1970 3715 publicio,
1989 3636 2027 3697 tle

778 3732 985 3795 Frookeniort.
1040 3731 1207 3803 bueretleio,
1221 3730 1259 3791 (le
1278 3730 1459 3791 exhibitione
1472 3732 1620 3809 Juutltiee,
1636 3731 1673 3793 de
1689 3734 1803 3810 guerris
1820 3732 1944 3809 privetis
1964 3748 2026 3794 mo·

1040 3829 1161 3901 venolio,
1179 3826 1218 3887 tle
1236 3828 1394 3887 uiolatione
1411 3832 1597 3907 treugarum,
1617 3826 1656 3891 de
1674 3830 1825 3889 nntenbio
1838 3830 2026 3907 proscriptio-

1040 3926 1104 4001 uio,
1119 3924 1157 3984 (le
1168 3925 1295 3985 monetis
1311 3922 1393 3984 iublo
1412 3929 1443 3984 et
1459 3926 1578 4003 injuotlo
1597 3923 1739 3985 tbeloueio
1757 3924 1944 3997 amovendis,
1965 3932 2023 3987 eto.

1882 4030 1951 4097 ιιι,
1966 4032 2023 4085 ιιι

625 4155 662 4209 te
675 4144 752 4209 iebr.
834 4144 924 4223 Apud
999 4142 1221 4222 -Pottquom
1243 4142 1397 4205 Cooredue
1417 4142 1667 4205 Hildeebemenrlo
1692 4143 1844 4221 eoboopm
1865 4142 1922 4203 eibi
1951 4160 2025 4205 oon-

777 4242 976 4306 Freokeniort
1038 4247 1162 4320 qoeotuo
1171 4239 1262 4301 luerit
1276 4240 1357 4319 quob
1370 4240 1450 4301 eires
1464 4239 1728 4301 lliirleebelmenoee
1742 4238 1889 4317 iudicium
1904 4242 2024 4318 mogut-

791 4343 824 4401 in
836 4341 959 4401 eolemnl
1037 4340 1086 4399 nio
1104 4338 1288 4397 exercuntnt
1307 4338 1338 4397 io
1358 4337 1478 4397 olertooo
1497 4338 1529 4396 in
1551 4352 1625 4414 quoe
1643 4334 1860 4415 degrudotlonlo
1880 4340 2025 4399 sententie

833 4440 927 4499 euno.
1037 4449 1098 4496 non
1118 4438 1314 4511 urooooueret,
1335 4433 1446 4495 eodem
1468 4434 1583 4495 etriboo
1605 4432 1727 4495 mundet
1747 4438 1783 4493 ut
1803 4438 1917 4493 mntem
1939 4450 2024 4509 pree-

1036 4532 1233 4609 sumptionem
1246 4529 1413 4591 emendent.
1878 4534 2023 4607 eenole

623 4664 661 4717 tt
675 4655 750 4717 iebr.
828 4653 917 4731 Apud
998 4686 1040 4700 -
1057 4652 1106 4713 Au
1116 4654 1287 4729 petitionem
1301 4650 1424 4713 (berardi
1437 4652 1603 4713 Brememlo
1614 4648 1843 4727 menteomni,
1857 4650 1938 4709 mree
1950 4648 2020 4710 Bre-

777 4749 984 4813 Frunboni'ort.
1038 4765 1154 4810 menneo
1170 4755 1201 4809 et
1218 4747 1374 4809 studentes
1387 4764 1405 4807 ι
1420 4749 1613 4825 promotione
1631 4746 1759 4809 thelonei
1777 4746 1808 4805 in
1825 4746 1946 4805 elvltme
1961 4744 2022 4805 Lu·

1037 4846 1130 4907 boelio
1142 4845 1281 4907 obsolvit.
1963 4848 2021 4902 688
