4859 6359
607 790 669 852 888
1105 788 1319 852 FlllllElllCl
1343 792 1516 853 secutum
1827 794 1906 873 [Arta.
1925 794 2011 858 1236.

608 925 721 997 lorum
739 920 967 996 ebdomedale
983 922 1019 993 in
1037 924 1193 1017 qnalibet
1218 926 1322 999 tercia
1346 928 1429 1000 teria
1450 925 1713 1019 celebrandum,
1732 928 1807 1001 sine
1824 930 2015 1024 preJ'udicio

608 1044 698 1137 juris
714 1044 832 1133 alieni,
848 1044 1050 1139 recipientes
1066 1066 1187 1119 omnes
1200 1048 1246 1121 ad
1267 1048 1360 1121 idem
1378 1052 1491 1122 forum
1508 1046 1686 1121 venientes
1701 1060 1735 1122 et
1747 1051 1795 1123 ad
1807 1054 1945 1147 propria
1961 1075 2015 1127 re-

610 1176 785 1239 vertentes
804 1168 871 1240 sub
894 1167 1078 1263 specialem
1101 1179 1251 1243 noscam
1275 1182 1309 1243 et
1327 1172 1462 1267 imperii
1481 1173 1740 1269 protectionem.
1766 1174 1822 1247 Ad
1842 1177 1943 1268 cujus
1965 1178 2014 1249 rei

611 1291 809 1362 memoriam
827 1300 862 1362 et
878 1292 985 1364 robur
1003 1292 1069 1363 sibi
1086 1293 1120 1362 in
1140 1302 1314 1387 posterum
1335 1294 1538 1387 valiturum,
1555 1318 1696 1392 presens
1716 1299 1882 1394 scriptum
1895 1298 1967 1371 lieri
1981 1312 2015 1371 et

610 1414 722 1506 sigillo
742 1424 857 1486 nostre
874 1415 1087 1489 celsitudinis
1098 1418 1266 1509 jussimus
1284 1418 1500 1491 communiri.

659 1539 784 1609 Datum
802 1538 897 1632 apud
920 1540 1099 1631 Werdam,
1118 1562 1210 1613 anno
1231 1542 1402 1614 dominice
1420 1544 1662 1615 incarnationis
1684 1543 1864 1617 millesimo
1880 1544 2014 1619 ducen-

609 1662 732 1734 tesimo
750 1663 920 1735 tricesimo
936 1673 1050 1756 sexto,
1071 1686 1189 1737 meme
1197 1666 1293 1758 julii,
1311 1686 1401 1740 none
1414 1664 1624 1740 indictionis.

478 2268 543 2363 ²¹¹0,
664 2252 693 2335 F
694 2254 891 2358 odericus,
910 2255 1172 2337 Romanorum
1189 2254 1411 2363 imperator,
1431 2254 1480 2337 ad
1498 2254 1715 2363 petitionem
1729 2253 2015 2365 Salzburgeusis

461 2376 487 2417 ¹⁰
522 2394 528 2406 '
612 2384 904 2494 archiepiscopi,
919 2385 1085 2468 dictante
1108 2386 1291 2467 sententia
1310 2386 1549 2495 principum,
1568 2397 1669 2469 vetet
1690 2413 1738 2469 ne
1759 2386 1846 2497 quis
1869 2394 2016 2469 revocet

610 2518 785 2600 homines
804 2527 961 2599 astrata
983 2516 1137 2626 publicu
1154 2518 1247 2627 quin
1268 2518 1409 2601 vadant
1426 2518 1475 2601 ad
1493 2518 1638 2627 forum,
1659 2520 1732 2602 uisi
1753 2520 1892 2601 habeut
1915 2544 2013 2627 pro-

611 2651 714 2760 prios
731 2676 829 2760 quos
847 2676 1023 2733 revocare
1039 2662 1078 2732 et
1093 2652 1274 2733 reducere
1290 2660 1426 2759 potest.

693 2862 814 2939 (lnedlt
827 2878 864 2922 ex
879 2859 1058 2943 Salzmuper
1069 2859 1323 2937 Kammerlllcler,
1337 2868 1411 2923 tom.
1425 2864 1451 2937 1,
1466 2861 1518 2923 lol.
1535 2870 1605 2936 tol,
1620 2862 1705 2925 MSS.
1720 2864 1753 2923 in
1764 2862 1884 2925 archivo
1897 2864 2012 2923 Vindo-

726 2969 869 3040 bonensi3
885 2971 972 3046 culus
984 2972 1098 3047 coptam
1114 2969 1275 3031 liberaliter
1292 2968 1377 3029 nobis
1395 2971 1441 3029 vir
1457 2972 1593 3048 egreglus
1605 2968 1632 3029 l.
1651 2970 1701 3031 Fr.
1719 2969 1898 3032 Boehmerus
1915 2976 2010 3031 trans·

725 3076 830 3150 mislt.)

657 3254 869 3339 luduicus,
890 3256 953 3328 Dei
971 3255 1086 3347 gracia
1107 3255 1337 3328 Romanorum
1357 3256 1539 3349 imperator
1555 3276 1690 3349 semper
1706 3266 1894 3347 augustus,
1913 3258 2010 3329 lern-

611 3381 717 3452 salem
734 3389 768 3451 et
785 3378 898 3450 Sicilie
912 3398 988 3450 rex.
1009 3378 1074 3449 Per
1091 3398 1232 3472 presens
1253 3380 1419 3472 scriptum
1437 3389 1556 3451 notum
1575 3378 1647 3451 lieri
1669 3379 1831 3452 volumus
1843 3379 2012 3452 universis

611 3511 787 3599 presentes
800 3502 929 3575 litteras
946 3502 1171 3597 inspecturis,
1187 3501 1379 3595 quodcum
1396 3522 1459 3575 nos
1475 3502 1703 3575 resideremus
1719 3502 1754 3574 in
1771 3512 1882 3575 castro
1898 3512 2012 3575 nostro

609 3626 738 3700 Werde
752 3648 830 3699 eum
851 3626 1065 3720 principibus
1082 3634 1117 3697 et
1134 3626 1211 3698 aliis
1232 3626 1429 3721 proceribus
1444 3626 1585 3716 nostris,
1603 3627 1747 3721 petitum
1767 3636 1819 3699 est
1837 3648 1900 3721 pro
1917 3638 2012 3721 parte

612 3750 727 3823 dilecti
750 3749 915 3845 principis
935 3748 1041 3821 nostri
1063 3748 1103 3821 E.
1125 3748 1332 3820 venerabilis
1354 3748 1611 3841 salzburgensis
1629 3748 1874 3843 archiepiscopi
1899 3770 2011 3821 coram

613 3875 714 3946 nobis
730 3900 739 3944 ε
758 3874 789 3945 si
802 3872 1004 3964 generaliter
1018 3872 1176 3945 homines
1194 3884 1316 3945 euntes
1327 3894 1391 3967 per
1405 3882 1543 3944 stratam
1565 3872 1741 3967 publicam
1757 3870 1803 3944 ad
1822 3874 1934 3944 iorum
1949 3872 2012 3945 de·

610 3999 715 4071 beant
733 3998 779 4069 ab
794 3996 915 4070 eadem
936 4005 1040 4070 strata
1067 3997 1206 4091 publica
1229 3998 1383 4069 revocari
1409 4006 1443 4069 et
1464 3996 1542 4089 cogi
1562 4018 1623 4091 per
1639 3996 1773 4091 aliquos
1794 3995 1843 4066 ire
1860 4016 1921 4091 per
1937 3995 2012 4067 vias

612 4122 765 4218 privatas
793 4120 841 4193 ad
864 4122 936 4193 fora
960 4142 1035 4193 aua.
1072 4124 1184 4215 Super
1211 4142 1282 4214 quo
1308 4120 1460 4193 dictante
1486 4121 1653 4193 sententia
1679 4120 1873 4216 principum
1900 4118 2013 4191 extitit

611 4247 865 4342 promulgatum
885 4272 894 4317 ε
911 4246 1007 4339 qnod
1031 4266 1100 4317 non
1121 4246 1201 4317 licet
1226 4245 1331 4317 alicui
1355 4244 1535 4339 prohibere
1553 4244 1754 4317 hominibus
1772 4264 1835 4317 nee
1851 4263 2013 4316 revocare

609 4392 708 4443 ensa
732 4380 836 4444 strata
862 4370 1018 4464 publica,
1037 4369 1123 4463 quin
1146 4368 1277 4442 vadant
1299 4368 1346 4443 ad
1366 4370 1478 4441 iorum
1503 4368 1564 4439 ubi
1590 4368 1722 4463 possint
1746 4390 1810 4441 sua
1831 4364 2011 4439 commoda

611 4516 790 4586 exercere3
809 4495 907 4567 salvo
928 4493 1054 4588 siquis
1076 4492 1180 4566 habet
1198 4492 1352 4588 proprios
1372 4513 1461 4587 quos
1480 4500 1592 4587 potest
1612 4514 1774 4565 revocare
1794 4500 1829 4563 et
1846 4491 2011 4564 reducere

608 4618 698 4690 sicut
722 4619 809 4691 vult.
827 4616 882 4689 dd
907 4618 1009 4709 cujus
1028 4616 1077 4689 rei
1097 4616 1297 4689 memoriam
1317 4626 1509 4712 presentem
1523 4615 1684 4711 paginam
1702 4614 1775 4688 lieri
1796 4614 1939 4687 fecimus
1957 4614 2011 4684 si-

605 4741 688 4835 gillo
706 4750 822 4815 nostro
839 4742 1019 4813 munitam.

652 4865 769 4937 Testes
794 4875 909 4937 autern
928 4873 1010 4935 sunt
1026 4890 1035 4933 ε
1052 4863 1091 4935 Τ.
1117 4860 1324 4935 venerabilis
1342 4862 1561 4935 Treveransis
1576 4862 1867 4957 archiepiscopus,
1884 4862 1926 4935 ll.
1943 4862 2009 4934 Ba-
