4859 6359
357 780 455 840 lrnrcr
471 778 514 862 a]
808 779 1009 842 HISTORIA
1032 778 1327 842 olrnorltrlcr.
1577 815 1580 822 ·
1713 787 1769 847 '111

358 934 422 986 res
438 913 635 1010 prepositus
652 911 698 985 de
714 911 883 987 Omnibus
903 914 1054 1007 Sanctis,
1077 913 1309 1007 Marguardus
1329 916 1521 1010 prepositus
1538 919 1652 992 Sancti
1674 919 1771 991 Pauli

358 1037 395 1110 ir
407 1037 621 1127 Wormucie,
638 1037 860 1112 Eberhardus
872 1039 1166 1136 archipresbyter,
1183 1039 1361 1117 Corradus
1376 1042 1547 1134 palatinus
1563 1042 1670 1135 Ruri,
1692 1045 1771 1116 Fri-

358 1159 497 1234 dericus
523 1161 600 1236 dux
622 1161 766 1252 Suevie,
787 1163 979 1237 florentius
1004 1185 1121 1238 mmes
1143 1164 1341 1256 llollardie,
1373 1163 1569 1240 Gerbardus
1590 1187 1704 1240 comes
1727 1168 1773 1242 de

357 1285 447 1374 lor,
464 1285 649 1358 Heinricus
664 1307 780 1360 comes
790 1284 979 1377 Gelreusie,
998 1289 1078 1360 Otto
1094 1287 1140 1362 de
1157 1288 1418 1378 Birthenbeim,
1449 1311 1563 1364 comes
1582 1293 1712 1387 Symur
1727 1293 1772 1366 de

358 1408 592 1500 Sarabrrlrlre,
610 1408 732 1482 Comes
749 1410 929 1484 Heinricus
946 1410 992 1484 de
1007 1411 1140 1500 Dietse,
1167 1411 1285 1508 Poppo
1303 1413 1349 1486 de
1363 1413 1567 1505 Wertheim,
1595 1415 1772 1488 Corradus

358 1530 404 1605 de
419 1532 652 1628 Bucbiesberg
665 1533 928 1631 (Boulesberg),
949 1534 1131 1607 Heinricus
1145 1534 1363 1626 deruoch,
1383 1537 1614 1612 Hartmanrus
1628 1537 1673 1610 de
1685 1541 1772 1612 Bre-

357 1657 494 1750 tirger,
522 1657 695 1753 liupertus
712 1656 759 1731 de
774 1659 912 1750 Durne,
932 1659 1114 1732 Heinricus
1135 1662 1359 1752 marscalcus,
1386 1660 1566 1734 Corradus
1589 1661 1768 1758 pincerna,

358 1779 450 1853 Coro
463 1780 509 1854 de
521 1781 757 1874 lllircerberg,
777 1782 963 1855 Arselmus
971 1784 1191 1874 marscalcus,
1211 1785 1402 1858 Wicelinus
1416 1783 1461 1858 de
1477 1787 1605 1878 Berge,
1626 1786 1771 1860 Ansbel-

359 1926 438 1978 mus
453 1903 499 1978 de
513 1906 688 2000 lioringe,
707 1905 922 1998 Gotelridus,
937 1907 1043 1980 etalii
1059 1909 1294 2002 quamplures.

407 2029 552 2123 Signum
567 2029 702 2103 domini
714 2030 881 2106 Friderici
898 2031 1132 2104 Romanorum
1150 2031 1365 2127 imperatoris
1383 2031 1611 2106 invictissimi.
1640 2032 1770 2130 (Μοπο-

355 2152 542 2249 ramma-l

405 2278 480 2370 Ego
488 2277 664 2351 Gotiridus
677 2277 866 2373 imperialis
879 2279 959 2352 aule
967 2280 1208 2368 cancellarius,
1220 2279 1298 2350 vice
1308 2278 1770 2374 Cristiarilllaguntinesedis

357 2401 608 2497 archiepiscopi
625 2411 660 2474 et
676 2400 860 2475 Germerie
876 2403 1183 2491 archicancellarii,
1199 2403 1399 2495 recognovi.

406 2525 493 2599 Actu
507 2534 590 2600 sunt
604 2525 669 2599 bec
686 2548 779 2600 anno
797 2527 969 2600 dominice
985 2527 1229 2601 incarnationis
1242 2527 1471 2619 lllCLXXXll,
1491 2527 1677 2602 indictione
1691 2530 1767 2618 XV,

358 2661 525 2745 regnante
538 2650 1340 2747 dominoFridericoimperaturegloriosiseimo,
1351 2652 1548 2743 arroregri
1559 2653 1768 2745 ejnsllXXl,

359 2776 495 2871 imperii
511 2797 596 2848 vero
609 2775 763 2848 XXVIII.

405 2901 530 2973 Datum
541 2900 727 2994 Magurtiis
743 2900 779 2971 in
789 2899 958 2994 solempni
973 2898 1087 2988 curia,
1104 2899 1149 2972 vl
1164 2897 1331 2970 kalendae
1340 2899 1451 2990 junii,
1471 2899 1623 2972 feliciter.
1640 2897 1764 2973 Amen.

406 3024 477 3095 Nos
499 3023 606 3118 igitur
621 3023 773 3096 inclinati
789 3023 948 3118 precibus
963 3022 1095 3094 civium
1113 3021 1361 3116 predictorum,
1383 3021 1475 3094 idem
1489 3023 1708 3117 privilegium
1726 3023 1771 3096 de

359 3147 466 3220 verbo
484 3146 691 3220 adverbum
710 3147 861 3242 presenti
877 3146 1004 3242 pagine
1024 3146 1165 3217 inscribi
1187 3146 1344 3232 lecimus,
1369 3145 1573 3218 innovantes
1594 3157 1628 3219 et
1646 3146 1770 3218 corfir-

360 3281 492 3344 mantes
508 3271 820 3364 auctoritateregia
836 3270 1031 3360 libertates,
1059 3269 1327 3342 consuetudines
1353 3269 1479 3364 pariter
1506 3279 1541 3341 et
1565 3269 1710 3342 honores
1729 3291 1770 3342 ac

360 3395 474 3468 omnia
492 3396 720 3489 prorsusjura
735 3416 805 3488 que
820 3394 951 3466 civitati
967 3394 1122 3489 Spirensi
1138 3394 1175 3465 in
1189 3393 1312 3468 eudem
1326 3395 1508 3489 privilegio
1526 3405 1607 3468 sunt
1619 3394 1766 3468 indulta.

359 3520 558 3619 lrbibemus
571 3520 687 3614 itaque
703 3519 847 3592 firmiter
859 3527 894 3592 et
907 3518 1069 3592 distincte
1085 3517 1266 3613 (districte)
1281 3518 1348 3590 sub
1365 3518 1506 3592 obtentu
1525 3519 1640 3612 gracie
1655 3530 1770 3592 nostre

360 3644 637 3739 neullapersonr
650 3645 718 3716 alte
733 3644 952 3734 velbumilis,
968 3642 1199 3715 ecclesiastica
1213 3643 1270 3715 vel
1287 3642 1464 3734 secularis,
1480 3642 1667 3737 predictam
1683 3643 1768 3714 civi·

360 3775 462 3838 tatem
473 3767 669 3861 Spirersem
680 3768 738 3838 vel
752 3766 849 3838 cives
868 3765 978 3860 ipsius
990 3774 1109 3837 contra
1124 3776 1276 3838 tenorem
1294 3766 1550 3861 privilegiorum
1561 3768 1770 3861 presentium

360 3901 525 3986 aggravet
540 3888 657 3986 aliquo
673 3889 777 3964 modo
793 3889 850 3962 vel
867 3889 1035 3961 molestet.
1056 3887 1092 3959 Si
1106 3888 1186 3982 quis
1198 3887 1303 3980 igitur
1313 3888 1380 3961 boc
1394 3897 1595 3986 attemptare
1614 3913 1770 3986 presum-

360 4015 456 4106 serit,
475 4024 589 4110 preter
606 4014 644 4088 id
663 4014 759 4110 quod
777 4037 798 4087 a
815 4023 932 4087 nostre
955 4011 1141 4104 majestatis
1159 4011 1278 4104 gracia
1297 4022 1349 4083 est
1371 4013 1554 4105 exclusus,
1574 4015 1683 4086 solvet
1705 4015 1770 4086 du-

359 4148 476 4211 centas
496 4161 628 4212 marcas
642 4139 719 4213 euri
735 4161 797 4234 pro
813 4159 917 4234 pera,
932 4158 1078 4231 quarum
1099 4135 1266 4208 medietas
1290 4135 1389 4208 cedat
1414 4135 1510 4229 fisco,
1536 4138 1669 4232 reliqua
1688 4161 1770 4212 verr

360 4263 526 4336 medietas
544 4263 654 4358 passis
669 4263 831 4356 injuriam
845 4262 1071 4358 persolvetur.

407 4387 524 4458 Testes
542 4386 647 4478 hujus
661 4387 713 4460 rei
729 4398 839 4462 sunt:
861 4386 1040 4460 Corradus
1055 4385 1224 4480 Spirensis
1245 4384 1444 4481 episcopus,
1463 4385 1648 4458 Landolius
1670 4387 1770 4457 Wor-

362 4509 543 4582 mdersis
562 4511 691 4583 electus
714 4510 785 4608 (l),
811 4509 988 4585 Corradus
1006 4509 1052 4584 de
1074 4508 1189 4582 Steina
1213 4509 1427 4604 prepositus,
1451 4509 1596 4582 Silridus
1620 4508 1772 4583 decenne

396 4813 431 4887 (l)
448 4813 590 4886 Quomodo
605 4816 651 4875 isti
666 4817 722 4875 duo
735 4817 849 4892 praelati
860 4817 999 4876 rebellioni
1011 4817 1118 4876 chrici
1132 4817 1204 4889 regis
1222 4831 1318 4874 marus
1334 4816 1465 4886 dederint,
1481 4831 1515 4873 ex
1527 4817 1675 4874 Auuulibos
1695 4820 1772 4874 Wor-

364 4911 536 4969 morundus
550 4912 624 4972 clarc
635 4916 816 4990 comperimus
831 4935 839 4973 z
856 4936 870 4970 ι
884 4916 967 4976 lirant
978 4915 1053 4974 cives
1067 4915 1208 4990 Spirerses
1219 4929 1282 4971 cum
1295 4914 1540 4972 wormatiensibus
1558 4915 1586 4972 in
1597 4916 1649 4974 boc
1661 4913 1772 4974 reticulo
