4859 6359
588 779 650 842 652
1108 779 1281 841 rismum
1305 781 1473 843 SEP'l'lbll
1805 783 1884 863 [Aru.
1903 785 1990 848 1234

634 913 833 1006 Heinricus,
853 913 916 985 Dei
940 913 1049 1007 grstia
1072 915 1302 988 Romanorum
1323 939 1388 990 rex
1410 927 1444 990 et
1468 939 1602 1014 semper
1624 927 1813 1011 augustus,
1832 917 1993 994 lidelibus

586 1037 661 1109 suis
689 1037 845 1108 ministro
872 1046 907 1108 et
937 1037 1108 1110 universis
1137 1037 1336 1111 bominibus
1361 1039 1487 1113 Uranie
1518 1041 1663 1135 gratiam
1692 1062 1791 1114 snam
1825 1051 1859 1114 et
1891 1064 1993 1118 omne

585 1159 729 1230 bonum.
758 1161 844 1232 Cum
870 1182 917 1232 ex
941 1171 1105 1232 consueta
1139 1161 1381 1234 benevolentia
1406 1173 1522 1237 nostra
1548 1163 1805 1237 Cisterciensem
1836 1165 1993 1240 ordinem

584 1283 755 1355 sincerius
771 1282 970 1376 diligamus,
986 1284 1066 1374 jura
1079 1293 1114 1356 et
1129 1283 1305 1356 libertates
1320 1285 1462 1358 fratrum
1478 1287 1555 1378 ejus
1571 1287 1737 1359 volumus
1753 1288 1993 1362 inviolabiliter

584 1405 773 1478 observari.
792 1406 998 1479 Mandamus
1018 1406 1120 1479 vobis
1141 1408 1208 1479 sub
1226 1429 1316 1502 pena
1333 1410 1443 1502 gratie
1461 1419 1576 1484 nostre
1592 1409 1747 1483 districte
1764 1412 1992 1506 precipientes

584 1538 754 1621 quatenus
771 1529 817 1602 ab
834 1529 1033 1602 bominibus
1049 1531 1189 1603 claustri
1214 1531 1260 1604 de
1282 1531 1479 1627 Wettingen
1498 1533 1534 1604 in
1547 1534 1645 1606 'valle
1659 1533 1783 1607 Uranie
1800 1535 1991 1610 constitutis

582 1652 713 1723 nullum
730 1673 871 1747 prorsus
889 1653 1105 1725 exactionem
1126 1655 1183 1726 vel
1206 1655 1394 1749 precariam
1417 1657 1617 1750 requiratis,
1641 1659 1806 1752 quoniam
1830 1659 1991 1732 nolumus

582 1785 622 1846 nt
640 1774 699 1849 liet
717 1776 834 1870 aliqua
857 1777 1005 1866 ratione,
1025 1776 1088 1849 scd
1114 1779 1277 1849 volumus
1298 1789 1335 1851 ut
1354 1777 1529 1871 gaudeant
1553 1779 1647 1851 omni
1672 1780 1827 1852 libertate
1849 1803 1920 1876 qua
1945 1782 1991 1854 ab

582 1900 725 1994 antiquo
761 1901 848 1974 ordo
874 1909 909 1973 et
935 1901 1056 1974 fratres
1084 1901 1323 1977 Cistercienses
1346 1913 1427 1976 sunt
1451 1905 1578 1998 gavisi.
1608 1905 1846 1979 lndubitanter
1871 1907 1989 1978 scituri

580 2023 676 2118 quod
700 2024 913 2119 quicumque
934 2033 1088 2097 vestrum
1117 2025 1303 2120 intringere
1330 2026 1532 2100 mandatum
1564 2037 1719 2101 nostrum
1746 2029 1991 2125 presumpserit

580 2148 618 2218 in
635 2147 700 2220 bac
717 2156 827 2242 parte,
846 2148 883 2219 in
900 2148 1006 2220 rebus
1023 2169 1104 2221 eum
1120 2150 1267 2244 proinde
1283 2160 1319 2222 et
1338 2151 1374 2222 in
1393 2173 1535 2246 corpore
1548 2151 1746 2247 puniamus,
1762 2153 1845 2248 quia
1860 2151 1990 2225 dictum

580 2271 765 2343 claustrum
787 2271 855 2344 sub
877 2281 1029 2344 nostrum
1049 2273 1293 2366 protectionem
1315 2281 1349 2344 et
1370 2273 1505 2368 imperii
1525 2277 1718 2370 recepimus
1739 2277 1938 2371 specialem.

628 2395 754 2468 Datum
768 2395 865 2490 apud
879 2397 1091 2490 Hagcnowc,
1113 2397 1157 2469 Vl
1172 2395 1338 2472 kalendas
1361 2397 1461 2490 maii,
1480 2399 1668 2472 indictione
1683 2400 1840 2496 septime.

630 2948 837 3055 chricus,
860 2947 1120 3030 Romanorum
1137 2972 1226 3050 rex,
1247 2955 1382 3030 notum
1399 2945 1490 3029 lacit
1511 2949 1639 3057 quod,
1659 2948 1875 3057 principum
1896 2950 1986 3032 dic—

410 3058 537 3125 ²⁰¹²⁸¹l⁹
577 3091 682 3164 tante
708 3081 916 3187 sententia,
935 3081 1119 3164 Henricus
1145 3080 1439 3164 Wcrmuciensis
1462 3079 1661 3189 episcopus
1686 3080 1818 3164 villam
1835 3081 1987 3166 Nouke-

576 3241 679 3300 rowc
696 3241 785 3298 eum
806 3214 1040 3324 pertinentiis
1066 3213 1249 3321 obtinuit,
1270 3214 1309 3294 iu
1332 3213 1442 3323 cujus
1464 3214 1701 3322 possessione
1722 3215 1900 3298 eumdem
1920 3241 1987 3322 per
2077 3257 2084 3268 ·

579 3347 781 3431 scultetum
799 3347 847 3428 de
865 3347 980 3429 Lutra
996 3344 1224 3427 mittendum
1240 3343 1400 3454 judicet.

659 3561 761 3643 (Edld.
778 3563 953 3635 scamnis,
968 3561 1076 3622 Hister.
1090 3561 1172 3640 opusc.
1195 3560 1349 3636 asamar„
1365 3559 1437 3622 Ccd.
1450 3561 1584 3638 probat,
1599 3579 1628 3640 p.
1649 3562 1727 3638 tls.)

626 3748 690 3840 Η.,
715 3747 778 3818 Dei
801 3746 912 3841 gratia
938 3747 1169 3819 Romanorum
1198 3767 1261 3818 rex
1283 3755 1317 3819 et
1340 3766 1474 3841 semper
1501 3755 1688 3840 augustus,
1716 3744 1887 3822 universis
1913 3743 1985 3820 im-

579 3872 665 3968 perii
698 3869 858 3944 fidelibus
884 3871 1012 3965 quibus
1037 3890 1179 3966 presens
1211 3870 1322 3942 littera
1352 3869 1452 3942 luerit
1483 3879 1618 3942 ostensa
1644 3869 1787 3961 gratiam
1822 3889 1921 3940 snam
1951 3878 1985 3940 et

578 4018 681 4070 omne
699 3997 843 4068 bonnm.
859 3997 989 4068 Tenore
1009 3995 1218 4091 presentium
1237 3995 1411 4089 publicam
1434 3996 1579 4067 lauimus
1598 3994 1875 4089 protestationem
1889 3991 1984 4086 quod

579 4121 726 4195 dilectus
752 4119 911 4212 princeps
938 4125 1052 4190 noster
1077 4118 1119 4189 H.
1151 4117 1358 4190 venerabilis
1382 4117 1648 4190 Wormaciensis
1674 4116 1857 4211 episcopus
1888 4111 1984 4210 apud

577 4243 795 4339 Winpinam‚
826 4243 863 4312 in
881 4241 1051 4336 presentia
1068 4249 1182 4312 nostra
1202 4251 1237 4312 et
1262 4250 1461 4334 magnatum
1479 4239 1612 4335 imperii
1626 4239 1895 4334 subscriptorum
1909 4237 1982 4310 dic·

578 4374 672 4440 tante
704 4365 895 4456 sententia,
920 4363 1070 4437 obtinuit
1101 4373 1136 4436 el
1169 4362 1274 4435 evicit
1305 4363 1423 4436 villam
1456 4361 1683 4436 Nechlrircwe
1713 4383 1793 4434 cum
1823 4359 1985 4432 omnibus

578 4490 793 4587 pertinentiis
817 4490 891 4561 suis
918 4487 1062 4560 ecclesie
1094 4487 1344 4560 Wcrmaciensi
1372 4487 1534 4578 attinere,
1559 4495 1594 4558 et
1621 4506 1684 4558 nos
1706 4485 1821 4580 ipsum
1840 4483 1985 4576 judica-

578 4616 692 4687 vimus
710 4612 887 4709 prelibatis
910 4611 1104 4707 peremnia
1122 4609 1389 4698 instituendum,
1410 4621 1445 4683 et
1465 4631 1525 4705 per
1545 4609 1720 4683 Siffridum
1738 4606 1875 4681 fidelem
1902 4626 1983 4679 nos·

577 4749 669 4810 trum
683 4739 865 4810 scultetum
880 4735 925 4810 de
938 4739 1054 4809 Luttra
1071 4735 1228 4807 misimus
1244 4735 1280 4806 in
1299 4735 1550 4830 possessionem
1570 4733 1848 4830 prescriptorum.
1864 4729 1907 4801 El
1921 4749 1983 4801 vo·

578 4863 694 4936 lnmus
716 4869 756 4933 ut
774 4862 850 4956 ipse
866 4870 901 4933 et
918 4859 1060 4933 ecclesia
1077 4881 1142 4932 sua
1158 4858 1419 4932 Wormatiensis
1438 4858 1562 4954 suique
1585 4877 1798 4932 successores
1819 4851 1984 4950 prelibata
