4859 6359
638 756 700 821 624
1156 752 1328 813 llEhllllCl
1352 753 1521 815 servum
1861 756 1940 837 [Aac.
1957 760 2045 821 lata.

639 894 878 987 imperatorem
896 897 1110 963 revertantur
1121 909 1227 984 super
1240 887 1440 982 huju-odi
1456 912 1479 963 a
1496 889 1638 963 domine
1655 889 1859 985 imperatore
1874 893 2044 968 instructi.

639 1010 696 1083 Ad
714 1012 815 1102 cujus
829 1010 909 1083 lacti
929 1008 1154 1099 evidentiam,
1173 1017 1367 1103 presentem
1379 1009 1526 1083 litteram
1536 1010 1651 1104 sigillo
1668 1018 1785 1083 nostro
1801 1010 2046 1087 communitam

641 1136 708 1232 ipsi
724 1135 817 1209 affini
833 1142 947 1207 nostre
964 1133 1131 1207 duximus
1146 1132 1406 1226 assignandam.

689 1261 814 1331 Datum
833 1258 927 1353 apud
946 1258 1153 1347 Nurinherc,
1178 1278 1270 1331 anno
1291 1257 1539 1331 incarnationis
1554 1258 1690 1331 Domini
1709 1258 1892 1333 millesimo
1909 1258 2046 1334 ducen-

640 1384 762 1457 tesimo
777 1382 945 1455 tricesimo
961 1381 1080 1474 tertio,
1098 1382 1175 1455 Xll⁰
1190 1380 1359 1455 kalendas
1374 1381 1542 1473 octobris,
1562 1379 1750 1456 indictione
1765 1383 1922 1479 septima.

883 1670 1119 1682 Ἤ

696 1928 899 2034 llenricuS,
924 1928 1184 2011 Romanorum
1210 1956 1297 2035 rex,
1321 1938 1456 2012 notum
1478 1928 1569 2011 facit
1595 1956 1635 2011 se
1659 1929 1834 2014 Conrado
1860 1933 1908 2015 dc
1937 1932 2051 2017 Clin-

645 2061 819 2171 genhurg
837 2071 875 2143 et
892 2060 1090 2144 Ludewico
1108 2061 1157 2143 de
1176 2060 1329 2170 Schipfe
1351 2087 1465 2171 super
1486 2062 1674 2172 quasdam
1692 2062 1816 2144 curias
1833 2066 2051 2148 monasterii

645 2197 693 2278 de
710 2193 912 2277 Bruuhach
937 2192 1146 2301 simplicem
1169 2194 1446 2301 defensionem,
1470 2220 1548 2276 non
1571 2221 1660 2277 vcro
1683 2196 1917 2278 advocatiam
1936 2225 2047 2281 com-

646 2328 814 2434 misisse,
835 2351 956 2437 quum
974 2326 1055 2434 ipse
1073 2326 1178 2409 solus
1194 2324 1376 2435 ejusdem,
1387 2326 1608 2410 monasterii
1625 2328 1831 2411 advocatus
1848 2355 1931 2412 esse
1945 2330 2048 2413 velit.

729 2520 833 2625 (una.
849 2542 988 2617 cunm,
1003 2539 1110 2623 syroq.
1127 2544 1231 2602 vaso.
1247 2539 1410 2622 eponae,
1425 2560 1458 2621 p.
1474 2546 1558 2623 sor.)

697 2730 894 2821 heinricus,
922 2730 985 2803 Dei
1012 2729 1122 2823 gratia
1144 2731 1374 2803 Romanorum
1392 2752 1456 2803 rex
1476 2740 1512 2805 et
1524 2753 1661 2827 semper
1675 2740 1860 2829 augustus,
1885 2732 2056 2805 universis

652 2853 895 2929 fidelihussuis
909 2852 956 2925 ad
972 2874 1061 2947 quos
1069 2872 1210 2947 presens
1228 2855 1391 2949 scriptum
1404 2852 1612 2949 pervenerit,
1631 2857 1776 2950 gratiam
1792 2864 1939 2929 suamet
1953 2876 2056 2929 omne

647 2979 790 3053 honum.
818 2978 974 3051 Meminit
999 2978 1126 3071 optime
1154 2978 1350 3049 sublimitas
1372 2988 1486 3051 nosue
1511 2978 1806 3073 quemadmodum
1839 2990 1920 3051 ante
1947 2998 2056 3050 annos

650 3104 792 3201 aliquot,
810 3102 856 3176 ad
874 3102 1068 3173 instantiam
1088 3101 1223 3173 abbatis
1239 3111 1272 3173 et
1290 3102 1432 3173 fratrum
1443 3102 1773 3192 Buruebaceusium,
1792 3102 1955 3179 fidelihus
1966 3123 2056 3177 noe-

648 3230 710 3301 tris
727 3228 888 3301 Cunrado
907 3228 951 3301 de
971 3227 1203 3321 Clingeuburg
1234 3228 1348 3300 curias
1369 3227 1513 3319 Balach,
1538 3228 1737 3301 Durrebach
1752 3238 1787 3301 et
1801 3227 2004 3301 Cleuicheim
2021 3236 2057 3300 et

649 3351 839 3425 Ludevvico
854 3352 899 3423 de
912 3351 1058 3445 Scipphe
1077 3351 1208 3423 curiam
1228 3351 1460 3446 Meysenheim
1479 3352 1751 3424 commiserimus
1765 3360 1882 3423 nostra
1902 3350 2057 3423 aucturi-

652 3486 722 3549 tate
744 3474 904 3546 tuendas.
921 3474 989 3545 Sed
1007 3474 1112 3567 quia,
1133 3484 1306 3548 crescente
1319 3474 1355 3545 in
1372 3473 1447 3547 dies
1463 3474 1614 3565 malitia,
1641 3495 1722 3546 cum
1740 3474 1802 3546 lilii
1820 3475 1927 3567 hujus
1949 3475 2056 3547 seculi

650 3598 889 3694 prudentiores
906 3595 986 3668 filiis
997 3598 1084 3669 lucis
1096 3598 1132 3668 in
1145 3599 1366 3689 generatione
1379 3619 1444 3670 sua
1458 3598 1539 3689 siut,
1559 3599 1762 3693 plerumque
1774 3598 1869 3692 quod
1879 3598 2057 3694 provisum

650 3732 702 3796 est
720 3722 766 3795 ad
781 3722 930 3817 quietem
949 3722 1060 3815 vergit
1082 3722 1117 3793 in
1137 3722 1351 3795 occasionem
1369 3722 1551 3818 prejudicii
1573 3732 1608 3794 et
1624 3722 1837 3816 gravaminis
1857 3722 2054 3817 amplioris,

650 3870 695 3919 ne
727 3848 888 3920 iratribus
916 3846 1112 3919 memoratis
1139 3846 1244 3936 hujus
1268 3846 1477 3919 defensionis
1504 3848 1685 3920 occasione
1708 3846 1857 3941 graviori
1884 3848 2059 3941 contingat

650 3970 875 4046 vexationum
889 3970 1045 4043 molestia
1063 3970 1238 4057 laborare,
1257 3970 1505 4065 usurpantibus
1520 3970 1587 4042 sihi
1601 3972 1740 4067 prelatis
1756 3970 1917 4044 fidelihus
1934 3970 2059 4044 uestris

650 4090 807 4169 Conrado
823 4102 857 4165 et
874 4094 1062 4167 Ludewico
1087 4094 1164 4166 sive
1188 4094 1341 4189 ipsorum
1365 4093 1552 4167 heredibus
1569 4096 1626 4187 jus
1648 4094 1901 4168 advocaticium
1919 4095 1954 4166 in
1971 4117 2059 4191 pos-

649 4218 859 4295 sessionibus
875 4217 1093 4312 supradictis,
1110 4218 1218 4307 regali
1232 4238 1296 4289 nos
1307 4227 1440 4312 oportet
1454 4218 1876 4315 providentiaprecavere.
1892 4218 2061 4303 Quocirca

651 4342 885 4416 universitatis
901 4352 1014 4413 vestre
1028 4342 1147 4414 notitie
1160 4341 1328 4414 duximus
1341 4342 1556 4436 presentibus
1569 4340 1703 4436 liquido
1717 4341 1967 4415 declarandum
1981 4344 2061 4414 nul·

650 4469 723 4540 lum
737 4488 800 4539 nos
817 4466 981 4561 predictis
997 4464 1121 4538 nostris
1136 4464 1299 4537 fidelibus
1317 4465 1392 4537 sive
1418 4466 1571 4561 ipsorum
1594 4465 1781 4540 heredibus
1807 4467 1844 4537 in
1864 4464 2061 4563 prescriptis

651 4592 752 4663 honis
773 4590 968 4664 advocandi
985 4588 1117 4662 aditum
1131 4590 1331 4685 prebuisse3
1359 4588 1422 4663 sed
1444 4590 1649 4685 simplicem,
1671 4591 1784 4664 ethoc
1800 4588 1968 4685 quamdiu
1986 4591 2063 4663 lra-

652 4714 761 4787 trihus
778 4715 891 4788 visum
907 4716 1021 4807 fuerit,
1045 4736 1110 4788 nec
1122 4718 1222 4789 aliter
1236 4736 1302 4788 nee
1318 4715 1469 4807 diutius,
1487 4715 1698 4788 defensionis
1718 4715 1980 4789 sollicitudinem
1999 4716 2062 4785 in-

647 4838 826 4930 Junxisse,
844 4838 1135 4934 quandocumque
1152 4840 1239 4936 ipsis
1253 4839 1418 4913 lrauihm
1429 4860 1500 4912 non
1517 4839 1699 4935 placuerit,
1720 4841 1885 4912 continuo
1906 4846 2063 4912 cessatu-
