4859 6359
459 801 556 862 lrntcr.
573 801 620 878 9.]
908 797 1104 861 tttsrottts
1129 796 1422 860 otttottttttctt.
1808 797 1869 858 rte

461 933 731 1008 terminationem
769 931 910 1027 procedi
940 954 1010 1005 non
1038 935 1151 1030 potnit
1175 931 1377 1024 hujusmodi
1406 927 1609 1026 questionis.
1643 930 1732 1002 Dicti
1765 932 1866 1005 etiam

462 1059 589 1131 electus
612 1067 647 1131 et
676 1055 839 1149 magister
862 1055 1029 1150 eligentes
1046 1057 1161 1153 potius
1184 1057 1221 1128 in
1245 1056 1313 1128 bac
1335 1064 1434 1150 parte
1464 1063 1563 1125 tuum
1588 1063 1771 1146 expectare
1796 1076 1869 1126 res·

463 1201 604 1276 ponsum
634 1203 738 1275 quam
766 1179 899 1274 aliquid
926 1179 1119 1253 inconsulto
1144 1190 1178 1253 te
1206 1200 1348 1272 gerere,
1374 1179 1557 1252 noluerunt
1578 1197 1684 1272 super
1707 1176 1774 1250 boc
1801 1177 1870 1250 ali-

463 1304 545 1398 quid
564 1313 754 1398 acceptare.
779 1302 930 1398 Ideoque
952 1303 1169 1376 serenitatem
1198 1313 1291 1374 tuam
1314 1298 1522 1374 monendam
1546 1300 1714 1374 duximus
1732 1309 1768 1372 et
1787 1300 1869 1372 bor·

465 1427 599 1500 tendam
616 1436 807 1522 quatenns,
829 1427 982 1522 inspectu
1003 1426 1128 1498 cedula
1153 1439 1257 1520 quam
1273 1425 1336 1496 tibi
1357 1425 1425 1496 sub
1443 1425 1539 1496 bulla
1565 1435 1680 1497 nostra
1701 1426 1870 1500 mittimus

466 1550 696 1642 interclusam,
725 1572 829 1646 super
857 1551 913 1622 his
938 1560 998 1624 tue
1022 1550 1209 1624 voluntatis
1235 1549 1490 1644 beneplacitum
1511 1549 1746 1643 imperialibus
1768 1546 1870 1621 nobis

466 1674 635 1748 insinuare
661 1675 782 1746 litteris
809 1695 879 1746 non
913 1683 1110 1770 postponas.
1136 1674 1295 1746 Ceterum
1321 1695 1540 1767 nequaqnam
1570 1693 1675 1767 super
1698 1672 1870 1744 interdicti

468 1799 580 1894 prelati
604 1797 819 1871 relaxatione
839 1797 1001 1886 tmberis,
1020 1819 1101 1870 cum
1120 1819 1166 1872 ex
1186 1797 1255 1870 boc
1276 1797 1339 1868 tibi
1362 1799 1496 1868 nullum
1516 1796 1743 1891 prejudicium
1762 1818 1870 1890 gene·

468 1931 566 2014 retur,
586 1931 622 1994 et
640 1921 678 1994 id
695 1923 829 1994 bonore
848 1931 908 1994 tuo
926 1921 1154 2012 considerato,
1174 1921 1221 1993 ob
1247 1929 1374 1992 statmo
1400 1921 1492 1992 illios
1516 1930 1604 1991 terre
1626 1921 1758 2013 integre
1782 1941 1871 1992 con-

468 2043 669 2118 serrandum
691 2045 893 2137 fecerimus,
920 2065 1053 2119 necnon
1076 2046 1122 2118 ad
1141 2045 1352 2140 imperialem
1381 2044 1643 2133 exaltationem,
1669 2044 1777 2137 ipsam
1796 2065 1871 2116 esse

469 2177 611 2242 nostram
633 2178 667 2242 et
684 2169 836 2242 Ecclesia
856 2170 973 2265 procul
1000 2169 1108 2242 dubio
1131 2177 1347 2264 reputantes,
1369 2167 1406 2238 in
1429 2168 1538 2239 biset
1558 2167 1636 2238 aliis
1653 2165 1794 2238 firmiter
1809 2189 1873 2239 as-

469 2293 629 2386 piramus.

510 2417 634 2488 Datum
652 2415 788 2509 Assisii,
806 2416 837 2488 X
858 2413 1024 2488 kalendas
1042 2415 1210 2506 octobris,
1230 2435 1321 2487 auno
1339 2435 1443 2487 nono.

517 2616 649 2719 [lotor
680 2617 835 2698 cedulae
861 2641 973 2723 quum
1004 2642 1112 2724 popu
1136 2614 1236 2696 misit
1265 2613 1488 2724 imperatori
1519 2618 1564 2694 de
1595 2616 1703 2695 rebus
1735 2613 1871 2724 Syrios

470 2748 748 2858 comportandis]

513 2915 623 3008 Super
642 2911 780 3024 negotio
802 2911 900 3006 regni
918 2911 1219 3007 Hyerosolimitani
1241 2911 1454 3006 beneplacito
1478 2919 1538 2983 tuo
1560 2911 1660 2983 nobis
1682 2912 1778 3007 prius
1800 2937 1871 2989 ex-

472 3035 594 3127 posito,
617 3035 734 3108 omnia
753 3036 870 3128 quoad
885 3036 944 3128 jos
965 3035 1191 3130 possessionis
1212 3045 1247 3108 et
1272 3034 1508 3129 proprietatis,
1529 3033 1564 3103 in
1589 3055 1671 3106 eum
1690 3046 1815 3108 statum
1834 3037 1871 3110 in

471 3179 536 3250 quo
551 3169 632 3230 ante
651 3157 858 3231 discordiam
874 3158 963 3230 inter
979 3157 1185 3232 lliccardum
1203 3157 1431 3250 Filangerium
1452 3158 1697 3229 marescalcum
1720 3169 1817 3230 tuum
1838 3171 1873 3234 et

472 3281 598 3355 nobiles
614 3293 649 3355 et
668 3271 815 3356 barones
829 3283 956 3377 [regni]
973 3281 1121 3379 predicti
1142 3294 1176 3356 et
1191 3283 1286 3356 cives
1302 3282 1519 3352 acconenses
1537 3281 1645 3354 luisse
1668 3295 1871 3373 noscuntur,

470 3405 649 3496 reducere3
668 3415 702 3478 et
721 3417 756 3477 ut
777 3407 872 3480 cives
890 3416 925 3480 et
941 3406 1066 3481 sindici
1086 3404 1303 3480 Acconenses
1320 3404 1446 3476 balivis
1467 3425 1556 3498 quos
1575 3405 1625 3476 ibi
1643 3427 1705 3500 pro
1724 3416 1874 3501 tempore

471 3528 611 3602 duxeris
633 3529 833 3604 statuendos
854 3538 915 3604 tuo
933 3540 969 3604 et
988 3530 1114 3603 nobilis
1135 3530 1201 3603 viri
1220 3528 1359 3602 Corradi
1382 3529 1453 3601 nati
1476 3529 1527 3599 tui
1545 3529 1698 3620 nomine,
1721 3531 1758 3602 in
1775 3532 1875 3606 ordi·

470 3654 604 3727 natione
634 3665 822 3728 castrorum
851 3664 887 3727 et
915 3655 1134 3745 officialium,
1165 3653 1384 3749 perceptione
1418 3651 1620 3726 reddituum
1654 3664 1689 3726 et
1718 3656 1873 3728 omnium

469 3779 609 3851 aliorum
621 3779 752 3871 jurium
770 3800 840 3874 que
855 3778 892 3850 in
913 3779 989 3874 ipso
1005 3798 1112 3872 regno
1130 3777 1176 3850 ad
1193 3799 1311 3870 regem
1333 3776 1379 3850 de
1399 3776 1543 3870 antiqua
1568 3786 1603 3848 et
1625 3777 1765 3850 obtenta
1791 3798 1881 3879 con·-

469 3902 651 3976 suetudine
680 3913 836 3998 spectare
862 3911 1063 3994 noscuntur,
1082 3903 1187 3974 salvis
1205 3902 1336 3976 assisiis
1356 3921 1491 3974 necnon
1513 3901 1664 3995 antiquis
1688 3910 1722 3973 et
1748 3923 1874 3998 appro-

469 4026 555 4099 batis
572 4027 671 4122 regni
686 4025 831 4122 predicti
850 4001 1172 4112 consuetudinibus,
1189 4024 1366 4114 obediant,
1383 4033 1418 4097 et
1430 4024 1496 4119 ipsi
1513 4045 1554 4096 ac
1571 4023 1706 4097 nobiles
1719 4024 1876 4115 ejusdem

470 4155 564 4248 regni
582 4155 813 4226 communiam
833 4151 1035 4244 dissolvant,
1053 4173 1254 4246 campanam
1273 4151 1447 4247 deponant
1462 4159 1497 4223 et
1515 4158 1699 4222 amoveant
1719 4152 1876 4224 consules

469 4287 501 4348 et
517 4278 716 4374 capitaneos
734 4278 779 4350 ab
795 4277 847 4350 eis
873 4285 951 4374 post
975 4287 1084 4350 ortam
1103 4276 1314 4350 discordiam
1333 4274 1529 4364 ordinatos,
1551 4283 1587 4346 et
1603 4274 1765 4347 omnibus
1778 4277 1876 4366 jura·

469 4401 591 4474 mentis
613 4402 711 4474 lactis
728 4403 763 4472 in
788 4399 1019 4496 prejudicium
1036 4411 1134 4473 tuum
1151 4410 1186 4473 et
1203 4399 1343 4473 Corrudi
1361 4397 1516 4491 ejusdem
1535 4396 1672 4492 penitus
1694 4397 1872 4489 abjuratis,

469 4521 587 4596 iterato
601 4524 663 4596 tibi
685 4535 719 4598 et
735 4525 767 4597 ei
786 4523 961 4598 fidelitatis
982 4525 1169 4598 exhibeant
1180 4525 1392 4616 juramenta,
1411 4545 1531 4594 sumus
1548 4530 1697 4594 statuere
1716 4531 1752 4594 et
1773 4521 1875 4594 ordi-

470 4667 552 4719 nare
565 4648 687 4742 parati,
705 4649 736 4719 si
751 4647 798 4720 ad
815 4647 852 4721 id
868 4658 927 4722 tua
940 4649 1105 4722 serenitas
1128 4646 1402 4722 accommodabit
1419 4659 1609 4718 assensum.
1630 4645 1787 4718 &terum
1802 4667 1877 4741 pre·

471 4766 582 4840 dictus
602 4771 644 4842 ll.
666 4773 894 4860 marescalcus
911 4782 996 4862 tuus
1013 4771 1060 4844 ad
1082 4771 1302 4863 bajulationis
1321 4769 1472 4843 officium
1492 4769 1538 4841 ob
1557 4777 1656 4840 tunm
1680 4771 1877 4844 restituatur

472 4891 653 4986 bonorem,
674 4895 721 4968 ita
738 4903 852 4969 mmen
868 4896 963 4992 quod
985 4895 1124 4989 bajolus
1150 4895 1232 4970 biuc
1258 4894 1342 4968 inde
1361 4895 1455 4968 omni
1473 4914 1593 4967 carens
1615 4894 1812 4989 suspicione
1838 4896 1877 4968 in
