4859 6359
1118 778 1331 841 rnrnnnrcr
1356 779 1530 843 sncnnnr
1840 783 1921 863 [an.
1940 786 2018 848 rure

1389 1036 1760 1047 ont-m*—
1766 1038 1792 1048 .-

436 1265 569 1372 ὣ,
670 1246 824 1330 Interim
859 1245 1065 1353 imperator
1101 1241 1316 1351 Augustam
1355 1240 1527 1325 veniens·
1554 1264 1715 1325 manum
1751 1242 1954 1327 militarem
1984 1246 2025 1327 in

410 1374 476 1427 Μ
489 1376 592 1417 Μ’·
616 1380 762 1488 campis
784 1376 860 1461 Lici
888 1373 1099 1484 (lechfeld)
1118 1372 1283 1483 colligit,
1304 1382 1341 1456 et
1359 1373 1447 1457 inde
1465 1372 1656 1483 profectus
1678 1376 1718 1457 in
1741 1377 1871 1485 vigilia
1898 1377 2026 1460 Sancti

616 1512 744 1597 lacobi
765 1509 872 1593 mille
893 1507 1033 1589 milites
1059 1509 1100 1587 in
1126 1505 1275 1589 ltaliam
1303 1532 1433 1589 secum
1464 1508 1582 1591 ducit.
1614 1508 1773 1593 Gonnrn
1806 1510 1936 1593 Comn.
1959 1537 2022 1619 ap.

616 1646 811 1751 Bonnnnn,
830 1650 981 1737 locor,
1004 1651 1034 1723 t.
1055 1640 1109 1746 ss,
1130 1667 1170 1748 p.
1191 1641 1285 1721 369.
1302 1688 1356 1701 -
1374 1640 1475 1744 [Dux
1502 1640 1691 1746 lustriae]
1709 1642 1832 1726 edicta
1848 1643 2025 1727 Friderici

617 1777 872 1887 imperatoris,
890 1772 1107 1856 inimicitias
1125 1772 1342 1881 principum
1368 1774 1609 1881 contempsit,
1628 1776 1749 1857 donec
1771 1774 1821 1859 ab
1839 1775 1921 1883 ipso
1939 1776 2027 1857 Fri-

617 1912 745 1995 derico
761 1936 829 2018 per
856 1908 1062 1991 sententias
1081 1906 1296 2015 principum
1319 1906 1359 1987 in
1377 1906 1484 1989 curia
1502 1908 1697 2016 Augustae
1714 1906 1902 1991 celebrata
1926 1933 2025 2016 pro-

617 2044 796 2129 scribitur
812 2051 850 2125 et
866 2040 1149 2150 principatuum
1173 2063 1332 2121 suorum
1355 2038 1499 2122 bonore
1515 2039 1699 2148 privatur.
1720 2039 1841 2121 Hnnu.
1864 2042 2023 2145 Amin,

616 2204 681 2285 ap.
709 2176 906 2279 bornum,
934 2171 1030 2254 tote.
1057 2198 1098 2279 p.
1122 2172 1220 2255 504.
1241 2218 1296 2233 -
1313 2168 1552 2279 [Imperator]
1575 2172 1765 2255 commisit
1786 2172 1867 2281 regi
1893 2171 2025 2253 Bobe-

616 2309 783 2391 miorum
810 2316 847 2389 et
876 2305 965 2387 duci
991 2303 1186 2389 Bawariae
1216 2314 1254 2385 et
1280 2302 1512 2411 quibusdam
1540 2304 1725 2413 episcopis
1751 2314 1893 2386 terram
1918 2303 2026 2385 ducis

617 2441 792 2523 lustriae
818 2438 1113 2547 expugnandam
1140 2446 1294 2543 propter
1321 2434 1549 2543 multiplices
1581 2462 1757 2519 excessus
1788 2447 1826 2518 et
1856 2434 2026 2517 facinora

615 2573 757 2684 quibus
782 2573 884 2653 idem
910 2570 990 2651 dux
1014 2568 1120 2650 fama
1145 2568 1300 2675 publica
1326 2566 1526 2651 laborabat
1546 2566 1622 2679 (l).
1646 2568 1721 2667 Qui
1740 2568 1934 2651 Austriam
1960 2567 2026 2647 in·-

615 2706 765 2818 gressi,
803 2703 991 2814 adjunctis
1031 2701 1104 2784 sibi
1144 2701 1339 2784 nobilibus
1369 2712 1493 2785 terrac
1533 2728 1631 2813 quos
1672 2701 1753 2811 ipsa
1795 2701 1874 2783 dux
1915 2709 2025 2782 antea

612 2836 753 2948 injuste
770 2842 1008 2945 oppresserat
1024 2842 1061 2915 et
1082 2834 1131 2915 de
1149 2841 1252 2916 terra
1270 2858 1341 2915 sua
1356 2831 1534 2941 ejecerat,
1554 2841 1675 2916 totam
1694 2832 1887 2914 Austriam
1906 2832 2026 2914 deva-

614 2978 808 3052 staverunt
833 2977 870 3051 et
886 2965 1105 3077 imperatori
1133 2964 1459 3075 subjugaverunt,
1479 2974 1627 3074 praeter
1644 2990 1766 3074 pauca
1787 2974 1912 3047 castra
1933 2990 2025 3046 mu-

613 3101 802 3184 nitissima
818 3100 860 3182 in
886 3100 1028 3210 quibus
1054 3098 1135 3207 ipse
1154 3099 1234 3181 dux
1251 3096 1439 3209 profugus
1467 3124 1507 3181 se
1531 3098 1683 3206 recepit.
1707 3098 1866 3182 Gonnrn.
1890 3096 2020 3179 Coton.

615 3260 678 3344 ap.
703 3234 895 3340 Boanum,
916 3232 1030 3335 llio,
1051 3258 1091 3339 p.
1114 3232 1209 3315 569.
1229 3230 1387 3312 -Dux
1406 3256 1540 3340 graves
1561 3230 1676 3313 etiam
1694 3240 1827 3313 contra
1851 3230 2022 3337 impera-

614 3374 736 3451 torem
760 3368 809 3448 de
835 3364 977 3448 sororis
1004 3390 1096 3446 suae
1117 3362 1320 3469 dotalitiis,
1340 3362 1574 3473 Margaratae
1600 3362 1742 3445 scilicet
1758 3360 1837 3473 (ἓ),
1858 3387 2023 3471 casuque

617 3499 678 3581 sui
704 3497 831 3580 mariti
858 3496 1003 3579 crudeli
1027 3496 1163 3579 habuit
1187 3495 1421 3601 simultates,
1442 3520 1541 3605 quae
1565 3520 1666 3577 anno
1692 3494 1846 3579 Domini
1863 3494 2023 3580 MCCXL

618 3633 668 3714 ad
689 3631 843 3741 plenam
864 3630 1107 3715 concordiam
1128 3630 1373 3713 devenerunt.
1396 3627 1548 3711 Journn.
1570 3626 1717 3709 Vrrron.
1743 3654 1807 3737 ap.
1827 3626 2021 3733 Boanum,

618 3772 762 3866 rocus,
783 3774 813 3845 t.
834 3763 865 3868 l,
885 3789 925 3871 p.
947 3764 1039 3843 281.

982 3938 1137 3947 ——n-
1321 3936 1752 3945 ——mffl-m-m—
1762 3936 1776 3942 -
1789 3934 2016 3943 -—--.—-..⁴-—·

621 4049 636 4083 ι
647 4028 809 4102 approbata;
821 4026 921 4099 quibus
933 4042 982 4099 par
995 4025 1047 4083 hoc
1058 4023 1224 4097 privilegium
1238 4021 1363 4080 nolumus
1374 4022 1403 4077 in
1413 4020 1504 4095 abque
1515 4018 1646 4093 derogari
1658 4018 1686 4077 Sl
1700 4020 1761 4093 qaus
1774 4034 1838 4079 vero
1849 4020 1899 4077 hac
1911 4024 2025 4093 attemp

620 4145 635 4180 e
647 4132 704 4183 tara
715 4124 924 4198 presumpserit,
937 4122 1005 4179 iram
1017 4120 1207 4194 omnipotentis
1220 4119 1268 4175 Dei
1281 4124 1309 4177 at
1321 4118 1461 4177 beatorum
1481 4116 1659 4192 apostolorum
1672 4116 1744 4173 Petri
1755 4122 1784 4173 et
1796 4116 1868 4173 Pauli
1880 4130 1912 4173 aa
1924 4116 2028 4173 norea-tt

621 4225 823 4281 »incursurum
835 4239 849 4274 r

656 4321 692 4394 (4)
711 4320 773 4379 vid.
788 4334 871 4393 supra
883 4334 912 4391 p.
926 4320 979 4375 852
991 4322 1019 4373 et
1027 4330 1117 4388 seqq,
1126 4312 1275 4387 imperiales
1285 4319 1379 4371 contm
1388 4312 1484 4369 ducem
1496 4310 1620 4369 lustriae
1630 4310 1733 4369 litteras
1741 4316 1770 4367 et
1782 4309 1849 4367 intra
1860 4306 2026 4382 privilegium

621 4417 725 4475 uiribus
735 4413 929 4474 Viennensibus
940 4414 1043 4481 domm,
1057 4410 1134 4484 aprili
1145 4411 1226 4468 ⁴2³⁷.
1240 4408 1344 4478 Quibus
1357 4414 1447 4465 tamen
1457 4406 1649 4465 conterendum
1663 4412 1707 4463 est
1719 4405 1784 4479 quid
1797 4405 1886 4462 dicant
1898 4404 2025 4462 Olmie.

622 4513 724 4575 Soltab.
740 4518 769 4570 et
780 4512 906 4570 Gbrontc.
922 4507 1198 4581 Glumtromeoburp„
1212 4522 1256 4579 ap.
1270 4507 1337 4577 Par,
1352 4505 1511 4577 Scriptores.

659 4616 696 4688 (l)
712 4616 773 4669 lam
789 4611 823 4668 da
835 4610 893 4666 istis
907 4609 1031 4667 dotabtiis
1048 4608 1109 4665 lites
1124 4613 1154 4663 et
1169 4605 1295 4680 querelae
1310 4604 1413 4662 luerunt
1429 4608 1552 4675 axonae,
1567 4604 1631 4661 dum
1649 4601 1736 4661 adbuc
1753 4597 1883 4657 llanncus
1895 4598 2026 4673 septimus

624 4711 752 4784 regimine
770 4707 910 4783 potiretur.
923 4706 974 4775 Qui
990 4706 1098 4779 quidem
1110 4704 1161 4762 sub
1178 4704 1279 4761 ultimis
1292 4703 1333 4760 sul
1345 4701 1420 4775 regni
1434 4701 1511 4758 anub
1527 4699 1651 4758 abbatem
1662 4698 1752 4759 sareu
1762 4697 1833 4757 Galli
1847 4702 1877 4754 ut
1892 4710 1950 4753 rom
1964 4712 2026 4753 oum

623 4811 693 4866 duce
704 4810 886 4880 componeret,
899 4803 1001 4877 pluries
1013 4803 1144 4860 viennam
1156 4800 1342 4875 praemiserat.
1357 4799 1397 4858 Cl.
1411 4798 1497 4857 Corn.
1513 4814 1550 4856 os
1560 4798 1697 4868 Ferenti,
1709 4812 1755 4870 ap.
1772 4796 1876 4866 Pruna,
1892 4795 2025 4861 lterum„

622 4914 644 4964 t.
658 4906 693 4977 ll,
704 4923 733 4979 p.
747 4906 799 4961 ltlo
811 4908 840 4959 at
851 4904 915 4971 tet,
927 4907 955 4957 at
967 4900 1158 4973 supraptllt.
