4859 6359
454 823 552 886 lm.
566 821 612 902 a]
900 819 1098 886 fllsrouttl
1120 816 1411 884 btruottarttlt
1802 811 1864 876 82⁷

694 945 1077 959 m

507 1199 716 1310 Gregorius
725 1211 824 1309 pu'pu
836 1197 1046 1283 rectoribus
1059 1198 1247 1282 societatis
1258 1193 1510 1282 Lombardiae
1521 1191 1654 1278 scnbit
1668 1216 1709 1276 se
1725 1213 1859 1274 eorum
1929 1265 1962 1297 „⁸
2013 1230 2034 1296 t

452 1331 599 1442 legatos
615 1332 816 1442 recepisse,
831 1358 998 1442 quorum
1015 1342 1105 1415 ante
1121 1332 1326 1416 adrentum
1344 1327 1526 1440 magister
1539 1323 1858 1409 Theutonioorum

452 1489 500 1546 en
523 1465 706 1550 mandato
728 1465 966 1574 imperatoris
984 1464 1051 1576 qui
1070 1488 1110 1548 se
1131 1463 1279 1546 laesum
1297 1461 1467 1569 dicebat,
1483 1457 1564 1570 jam
1582 1459 1804 1540 discesserat
1820 1464 1859 1536 et

453 1591 627 1674 nondum
658 1617 838 1676 reversus·
857 1601 928 1675 est.
955 1591 1019 1676 dd
1046 1617 1111 1675 eos
1142 1591 1320 1673 nuntium
1346 1589 1460 1671 mittit
1490 1587 1709 1698 episcopum
1734 1582 1862 1666 Esou-

452 1721 586 1807 lanum
604 1751 678 1834 pro
692 1725 889 1808 necundo
906 1749 999 1846 pace
1016 1749 1105 1807 cum
1122 1724 1367 1832 imperatorer
1401 1761 1407 1772 ’
1442 1763 1446 1770 -
1482 1763 1486 1770 ·
1521 1762 1525 1770 ·
1602 1759 1608 1768 ·
1682 1757 1688 1768 ·

535 1937 637 2018 (nun.
652 1939 793 2016 srvron,
808 1936 921 2002 nme.
934 1937 1108 2022 mum
1124 1939 1268 2018 rmum
1284 1939 1333 2014 11,
1344 1955 1375 2018 ρ
1394 1945 1463 2013 raa,
1478 1953 1515 1998 ex
1531 1940 1635 2016 raet
1653 1933 1789 2014 ermom
1800 1931 1858 2010 1¹,

572 2046 753 2120 annom
769 2045 815 2126 t.)
1521 2077 1526 2084 ·

503 2233 627 2305 Datum
641 2230 796 2328 Viterbii,
813 2231 970 2307 kalendis
986 2231 1114 2329 aprilis,
1132 2251 1224 2304 anno
1241 2227 1405 2323 decimo(
1427 2230 1456 2322 ).

691 2546 818 2555 σοιν-4-,-
826 2547 930 2554 ι--ι--ρ
939 2547 1068 2555 --.---.-.
1076 2549 1094 2554 -
1107 2549 1165 2556 —n
1181 2549 1424 2556 .--·-›-----·..--·--
1434 2549 1457 2555 ¹..
1465 2547 1627 2558 .-.ιο-..ο-

508 2822 741 2929 Fridericus,
770 2824 1032 2910 Romanorum
1060 2826 1280 2938 imperator,
1309 2825 1549 2937 privilegium
1572 2854 1595 2908 a
1618 2853 1659 2912 se
1687 2827 1771 2936 ipso
1797 2827 1860 2910 ci-

456 2953 566 3038 vibus
584 2957 632 3039 de
650 2957 883 3042 llollesheim
910 2967 1080 3069 tempore
1097 2957 1205 3070 regni
1229 2958 1288 3042 sui
1311 2985 1412 3042 anno
1432 2959 1535 3040 1220
1560 2959 1772 3068 indultum,
1795 2987 1862 3042 re-

455 3099 570 3173 novet
586 3099 624 3172 et
641 3090 842 3174 inserendo
859 3091 1072 3174 confirmat.

539 3303 641 3382 (lldld.
656 3303 855 3381 Senosernm,
871 3303 963 3368 ritant
981 3304 1145 3386 diplomat,
1159 3311 1233 3367 tom.
1248 3305 1279 3386 1,
1292 3323 1321 3384 p.
1338 3314 1409 3385 ³86,
1424 3315 1458 3367 n⁰
1475 3304 1640 3380 ccccm
1655 3305 1746 3368 tinem
1759 3313 1859 3367 omen

578 3409 634 3472 snb
647 3411 818 3472 abbrevlata
830 3411 927 3473 torma
939 3410 1099 3491 exblbult.)

505 3599 544 3670 ln
561 3597 700 3672 nomine
720 3607 838 3672 sancte
859 3607 895 3670 et
911 3597 1096 3672 individue
1114 3597 1299 3672 Trinitatis.
1317 3597 1512 3671 Friderious
1528 3597 1714 3689 secundus,
1741 3598 1862 3676 divina

457 3723 594 3794 lavante
612 3721 790 3794 clementia
815 3721 1045 3794 Romanorum
1066 3721 1252 3816 imperator
1267 3742 1402 3816 semper
1423 3730 1604 3814 augustus,
1624 3721 1810 3794 Jerusalem
1828 3733 1865 3795 et

456 3844 570 3919 Sicilie
582 3867 659 3918 rex.
672 3845 802 3918 Teucro
821 3843 1031 3942 presentium
1046 3854 1166 3918 notum
1180 3867 1256 3919 asse
1271 3845 1429 3941 cupimus
1442 3853 1512 3917 tam
1529 3846 1745 3940 presentibus
1755 3870 1862 3942 quam

457 3967 581 4040 lotarie
607 3967 703 4063 qnod
729 3967 904 4041 constituti
927 3989 1042 4041 coram
1069 3968 1167 4042 nobis
1193 3969 1288 4042 cives
1308 3969 1353 4043 da
1375 3967 1586 4042 Mollesbeim
1611 3967 1729 4043 fideles
1756 3973 1862 4045 nostri

457 4091 698 4186 presentabant
722 4092 864 4164 culmini
887 4101 1003 4164 nostro
1025 4091 1189 4187 scriptum
1212 4092 1392 4186 quoddam
1415 4113 1618 4166 concessum
1636 4095 1687 4166 eis
1708 4104 1863 4188 tempore

456 4217 555 4308 mgni
577 4216 711 4314 nostri,
733 4216 966 4312 supplicantes
987 4215 1113 4290 devote
1138 4225 1180 4288 nt
1205 4215 1298 4289 idem
1322 4217 1488 4311 scriptum
1514 4215 1565 4287 eis
1589 4215 1791 4288 confirmare
1816 4217 1863 4290 de

456 4347 572 4413 nostra
582 4341 691 4434 gratia
704 4337 948 4436 dignaremur3
967 4341 1070 4434 cnjus
1081 4339 1289 4414 continentia
1301 4339 1378 4413 talis
1395 4347 1491 4413 erat:
1507 4333 1684 4436 [Sequitur
1694 4338 1741 4414 de
1753 4341 1862 4416 verbo

493 4640 531 4714 (t)
548 4641 655 4700 ldsrmt
671 4643 700 4700 in
712 4644 825 4718 regestis
838 4643 960 4719 Gregorii
974 4645 1026 4720 (nb
1037 4647 1055 4702 8
1067 4651 1095 4705 et
1108 4643 1156 4719 43)
1170 4643 1240 4702 duae
1253 4642 1383 4718 epistolae
1394 4643 1429 4700 de
1443 4642 1575 4717 legatione
1590 4641 1709 4715 m'rrsdom
1726 4643 1861 4718 episcopi,

457 4738 544 4811 prima
561 4740 738 4814 potestatibus
758 4747 786 4798 et
802 4742 1037 4800 communitatibus
1057 4741 1231 4802 Lombardiae
1249 4742 1283 4799 de
1296 4740 1413 4814 generali
1427 4756 1511 4814 pace,
1526 4740 1589 4798 data
1606 4740 1734 4812 viterbii,
1747 4741 1782 4799 tv
1795 4759 1861 4801 non.

457 4835 585 4910 aprillull
596 4835 696 4911 aprili,
708 4837 793 4896 altera
806 4839 935 4898 millibus
947 4845 975 4897 et
988 4839 1088 4916 populo
1103 4837 1256 4898 Placentino
1268 4838 1304 4897 de
1317 4835 1430 4913 speciali
1443 4851 1510 4910 poca
1527 4836 1599 4895 iuter
1609 4836 1861 4912 ipsosstubilienda.

458 4929 525 4989 ltata
535 4931 660 5006 vitent,
672 4934 886 5010 muaprittsto
897 4935 984 5012 april.)
