4859 6359
638 787 698 849 tro
1087 852 1091 865 ,
1158 788 1331 853 renutet
1355 784 1523 850 serron
1577 831 1596 851 ..
1862 783 1943 863 [ua
1960 784 2047 850 1232

640 932 721 995 nata
750 922 851 997 nobis
880 925 1092 1021 benignitate
1120 926 1331 1001 eontulimus
1353 922 1524 1016 jumnlem
1552 940 1661 994 unum
1687 927 1779 995 terre
1809 930 1928 995 nosue
1957 921 2050 999 cirea

639 1046 770 1119 cunam
796 1068 915 1121 eorum
938 1050 1048 1122 Burin
1069 1051 1239 1143 iacentem
1264 1048 1311 1123 ad
1328 1048 1480 1143 ipsorum
1500 1045 1638 1152 'curiam
1660 1042 1916 1139 ampliandam,
1944 1045 2048 1121 telem

640 1168 861 1249 donationem
881 1174 1098 1269 presentibus
1114 1173 1234 1248 litteris
1249 1171 1375 1247 nostris
1391 1181 1426 1245 et
1439 1168 1556 1264 sigillo
1573 1176 1691 1243 nosue
1709 1167 1924 1245 roborantes.

687 1296 812 1369 Datum
838 1296 934 1393 apud
961 1297 1269 1383 Freinkinfortum,
1295 1316 1387 1369 anno
1410 1293 1592 1369 millfflimo
1617 1291 1854 1369 dneantoeim
1875 1291 2049 1367 tricesimo

640 1418 811 1513 seeundo,
831 1420 891 1493 llll
912 1442 1020 1496 nonas
1044 1422 1201 1517 augusti,
1222 1419 1410 1494 indictione
1426 1417 1561 1513 quinta.

534 2084 584 2116 „t
690 2004 899 2114 Bennisoa,
938 2006 1199 2091 Romanorum
1233 2032 1320 2116 rex,
1357 2005 1590 2091 monasterio
1622 2004 1867 2091 dominarum
1902 2002 2049 2089 (lister-

640 2136 776 2221 niensis
807 2137 953 2221 ordinis
987 2140 1091 2249 apud
1121 2139 1256 2225 Harste
1287 2139 1417 2225 omnia
1446 2138 1551 2223 bona
1583 2147 1622 2225 et
1656 2136 1915 2248 possessiones
1948 2162 2049 2248 ques

638 2270 731 2379 ipsis
753 2270 891 2353 collata
916 2270 1071 2355 suerunt
1092 2272 1310 2381 confirmat,
1334 2282 1374 2357 et
1394 2271 1587 2357 licentiam
1613 2270 1754 2355 talibus
1779 2269 2048 2357 donationibus

638 2402 851 2487 decaetero
870 2403 1036 2487 adhibet.

719 2644 822 2718 (Edld.
842 2644 960 2719 Meam,
982 2644 1106 2708 Ornabr.
1124 2642 1293 2719 Grrcliclte,
1307 2644 1365 2708 111·
1377 2662 1465 2726 pars,
1479 2644 1613 2726 noum„
1626 2654 1661 2707 n·
1676 2652 1747 2719 1⁵8,
1764 2660 1803 2705 ex
1815 2641 2009 2722 nephtlali.)

685 2857 751 2947 H.‚
770 2857 832 2931 Dei
849 2857 960 2950 gratia
979 2857 1210 2931 Romanorum
1226 2878 1290 2930 rex
1310 2867 1346 2930 et
1361 2878 1498 2954 semper
1514 2864 1701 2953 augustus,
1720 2854 1892 2929 universis
1911 2853 2047 2951 imperii

635 2980 764 3075 quibus
787 2980 831 3055 he
848 2980 959 3055 littere
980 2992 1117 3057 ostense
1133 2981 1261 3055 tuerint
1276 2982 1422 3077 gratiam
1447 3003 1547 3055 suam
1567 2992 1605 3057 at
1625 3002 1727 3057 omne
1750 2980 1895 3055 bonum.
1914 2978 1971 3051 llx
1986 2979 2047 3051 in-

633 3105 753 3196 juncto
774 3104 874 3179 nobis
892 3104 1005 3179 officio
1021 3115 1056 3179 et
1073 3105 1190 3179 innata
1205 3103 1423 3201 benignitate
1444 3115 1604 3181 tenemur
1616 3104 1680 3179 Dei
1695 3104 1916 3179 eeclesiarum
1933 3100 2047 3176 fidelis

637 3229 795 3323 provisor
821 3229 971 3302 existere
1003 3239 1039 3301 et
1068 3251 1188 3303 worn
1219 3228 1378 3303 redditus
1404 3229 1592 3305 danastro
1622 3228 1789 3322 largitatis
1813 3222 2047 3299 munificentia

637 3362 741 3447 prout
767 3372 951 3447 possumus
982 3354 1158 3449 ampliare.
1191 3352 1441 3449 Cognosoentae
1467 3352 1497 3425 si
1523 3351 1667 3449 quidem
1692 3351 1869 3426 detentum
1895 3358 1933 3423 et
1955 3368 2047 3445 pan·

638 3484 804 3571 pertatem
822 3476 1019 3550 monasterii
1042 3487 1077 3550 et
1100 3487 1293 3551 conventus
1311 3477 1530 3552 dominarum
1546 3476 1680 3551 ordinis
1696 3474 1928 3550 Cistemiensis
1950 3470 2047 3569 apud

637 3600 774 3690 Herste,
793 3600 923 3675 eisdem
939 3601 1055 3674 omnia
1073 3602 1167 3675 bona
1187 3623 1249 3675 eeu
1268 3603 1524 3699 possessiones,
1549 3624 1606 3677 res
1622 3601 1767 3675 mobiles
1783 3610 1820 3674 et
1837 3597 2043 3687 immobiles,

636 3722 722 3797 aliae
747 3744 907 3818 quasque
930 3744 993 3820 pro
1016 3724 1129 3799 salute
1149 3724 1185 3797 in
1209 3726 1402 3800 remedium
1428 3726 1623 3800 animarum
1647 3744 1793 3797 marum
1813 3722 1901 3818 ipsis
1924 3728 2047 3795 enatu-

637 3845 754 3919 lernnt
779 3844 876 3943 (at...
903 3846 1055 3943 plenarie
1079 3846 1342 3939 meorumue,
1371 3849 1500 3926 bonam
1522 3856 1675 3923 nosuam
1705 3848 1918 3921 rotmutem
1939 3842 2048 3919 etli-

637 3970 785 4043 oentium
801 3970 927 4043 talibus
943 3969 1186 4047 donationibus
1208 3972 1412 4049 adhibentes
1430 3994 1497 4049 nee
1511 3974 1684 4048 ullatenm
1699 3969 1935 4067 permittentes
1949 3963 2048 4064 qnod

638 4092 676 4165 in
693 4091 825 4167 eisdem
846 4092 948 4169 bonis
965 4096 1023 4169 vel
1045 4096 1082 4168 in
1099 4096 1179 4171 data
1196 4096 1265 4171 eibi
1289 4097 1350 4171 teli
1367 4098 1587 4195 eleemosyna
1608 4095 1789 4170 oeeasione
1813 4092 1932 4188 aliqua
1948 4089 2046 4165 inde·

638 4216 711 4294 bite
731 4228 768 4290 et
788 4226 907 4293 eontra
923 4220 1027 4293 talem
1045 4229 1196 4294 nostram
1214 4219 1508 4295 eonfirmationem
1534 4220 1580 4294 ab
1606 4214 1724 4315 'aliqm
1750 4218 1983 4291 molestentur.
2005 4214 2048 4288 Ut

638 4350 753 4415 antem
773 4341 839 4415 hee
859 4350 975 4417 nostra
997 4342 1137 4417 donatio
1158 4354 1194 4417 et
1215 4343 1429 4420 eontirmatio
1451 4346 1489 4418 in
1510 4352 1715 4442 papatuum
1736 4351 1811 4415 rata
1829 4345 2045 4437 permaneat,

639 4464 768 4537 litteras
791 4474 925 4539 nostrae
945 4464 1075 4540 eisdem
1098 4466 1305 4544 donavimus
1322 4469 1500 4565 sigillatas.

691 4590 816 4661 Datum
844 4590 941 4687 apud
972 4644 1164 4682 ........
1185 4614 1277 4667 anno
1298 4594 1435 4669 Domini
1456 4594 1505 4669 Μο
1518 4592 1581 4667 CC⁰
1592 4590 1747 4684 XXXll⁰,
1769 4588 1828 4663 111⁶
1851 4607 1961 4661 nonas
1984 4604 2048 4665 au·

642 4713 754 4807 gusti,
775 4710 962 4787 indictione
979 4714 1021 4789 V.

684 4900 728 4984 (a)
749 4900 900 4979 Quaedam
912 4908 949 4967 ut
963 4904 1079 4969 ridetur
1095 4907 1139 4969 ut
1151 4907 1268 4970 desunt
