4859 6359
400 785 500 847 beru.
516 780 559 865 9.]
854 777 1053 840 HISTORIA
1077 775 1370 839 lllPLOldll'l'le.

457 1340 690 1442 Fridericus,
715 1338 975 1422 Romanorum
1006 1337 1225 1445 imperator,
1256 1336 1386 1420 scribit
1411 1338 1615 1447 Romanis,
1647 1350 1810 1424 veterem

405 1473 569 1583 gloriam
595 1470 703 1554 urbis
724 1470 867 1553 Romae
893 1493 1196 1552 commemorans
1218 1478 1256 1551 et
1277 1468 1462 1552 desidiam
1487 1470 1658 1579 ipsorum
1682 1472 1811 1557 incre-

405 1629 527 1713 pans,
556 1603 790 1712 mandatque
816 1613 860 1684 ut
893 1600 1040 1711 legatos
1064 1626 1163 1711 quos
1187 1612 1281 1683 tuno
1313 1602 1507 1713 Augustae
1536 1615 1706 1687 moratus
1738 1606 1810 1689 sibi

406 1734 506 1818 mitti
523 1734 682 1844 petierat
701 1759 772 1815 neo
792 1732 833 1813 in
856 1732 1005 1815 ltaliam
1025 1732 1181 1816 ueniens
1202 1732 1364 1837 invenit,
1392 1735 1673 1845 promptissime
1693 1762 1812 1847 expe-

310 1914 314 1921 ·
407 1866 530 1974 diant,
545 1866 698 1976 plenius
715 1866 765 1947 ad
782 1864 904 1947 ardua
920 1864 1072 1973 negotia
1088 1864 1306 1949 instnrctos.

489 2094 604 2173 (Eunu
623 2096 720 2156 Fam.
735 2093 846 2166 Hans,
870 2088 943 2153 coll.
963 2090 1094 2152 Monam
1111 2097 1166 2152 oet.
1182 2098 1211 2152 ct
1228 2108 1300 2167 rec,
1318 2099 1342 2154 t.
1358 2095 1391 2171 I,
1411 2096 1489 2154 luter
1507 2094 1577 2155 litt.
1593 2096 1692 2175 princ.
1711 2099 1807 2161 etair.

527 2197 635 2276 tttrut,
646 2210 681 2261 n·
694 2200 777 2276 xvi,
791 2216 824 2276 p.
841 2196 1000 2277 aaa-aas.)

457 2398 677 2487 Fredericns,
696 2396 760 2470 Dei
779 2396 889 2491 gratia
904 2396 1136 2468 Romanorum
1156 2395 1342 2491 imperator
1362 2418 1497 2493 semper
1513 2408 1698 2493 augustus,
1717 2402 1814 2475 leru-

409 2524 516 2598 salem
529 2532 564 2595 ot
580 2521 695 2594 Sicilie
709 2540 787 2611 rex,
803 2519 951 2592 sanatori
964 2519 1169 2613 senatuique
1183 2520 1379 2617 populoque
1392 2523 1545 2595 Romano
1560 2525 1703 2618 gratiam
1715 2548 1814 2599 suam

409 2656 445 2721 et
461 2666 564 2722 omne
580 2646 724 2719 bonum.
741 2643 905 2715 Instantia
927 2641 1165 2715 sollicitudinis
1187 2653 1302 2717 nostre
1320 2666 1390 2739 qua
1414 2666 1477 2719 vos
1496 2646 1585 2719 inter
1609 2648 1812 2723 domesticas

410 2791 510 2844 ouras
522 2778 557 2842 et
572 2768 692 2840 molles
709 2766 851 2841 delicias
866 2766 1073 2839 dormientes
1089 2764 1135 2839 ad
1152 2762 1329 2859 dignitatis
1346 2768 1486 2861 antique
1505 2768 1640 2862 lastigie
1654 2771 1813 2865 cupimus

410 2894 578 2984 excitare,
604 2888 773 2963 firmitatis
799 2891 949 2985 perfecte
975 2888 1200 2961 constantiam
1228 2897 1263 2961 et
1291 2888 1545 2981 magnificentie
1565 2902 1678 2965 nostre
1701 2896 1812 2967 zelum

410 3038 515 3112 quem
537 3014 583 3088 ad
607 3013 881 3086 reformationem
906 3012 1043 3107 imperii
1069 3022 1105 3083 et
1125 3010 1233 3085 decus
1253 3012 1356 3084 Urbis
1371 3014 1439 3086 alta
1456 3022 1572 3087 mente
1598 3016 1810 3110 accepimus,

411 3140 591 3213 manifeste
613 3137 780 3211 declarat.
806 3138 845 3209 ln
865 3146 1039 3231 stuporem
1060 3145 1298 3209 verumtamen
1322 3137 1477 3209 omnium
1497 3138 1642 3211 vertitur
1662 3141 1709 3216 ad
1728 3164 1816 3236 quos

411 3265 468 3338 uel
485 3262 629 3355 antiqua
646 3259 813 3333 memoria
829 3259 885 3333 vel
903 3280 951 3331 ex
964 3260 1045 3332 tacti
1062 3258 1183 3331 notitia
1204 3258 1349 3332 Romani
1368 3260 1529 3332 culminis
1549 3260 1640 3335 lama
1662 3266 1817 3358 pervenit

411 3397 447 3463 et
462 3388 523 3482 qui
538 3393 760 3458 monumenta
772 3392 928 3456 veterum
942 3382 1160 3478 perlegerunt
1176 3390 1212 3454 ct
1227 3402 1320 3455 nora
1332 3381 1561 3476 considerant,
1581 3405 1650 3480 que
1667 3387 1816 3459 alterca-

411 3512 524 3585 tiones
541 3517 634 3582 tante
651 3528 766 3602 queve
785 3506 926 3583 materia
948 3506 1055 3602 possit
1075 3505 1188 3578 inesse
1209 3505 1265 3579 vel
1286 3526 1391 3578 causa
1410 3526 1480 3599 que
1500 3526 1564 3579 vos
1583 3528 1605 3579 a
1622 3518 1736 3580 vestre
1753 3531 1816 3582 no-

411 3633 554 3709 bilitatis
567 3631 701 3727 origine
722 3630 835 3703 taliter
855 3629 1018 3702 alterarit.
1038 3626 1165 3702 Verum
1182 3630 1246 3703 etsi
1266 3630 1499 3725 progenitores
1511 3629 1631 3719 vestri,
1649 3632 1817 3705 vastitatis

412 3767 447 3830 et
464 3756 589 3829 cineris
609 3754 745 3846 Trojani
762 3753 917 3848 reliquie,
944 3752 1067 3826 urbam
1083 3751 1226 3825 Romam
1247 3753 1282 3824 in
1305 3750 1606 3827 contradictionem
1629 3754 1816 3829 confinium

413 3901 638 3978 personarum
660 3878 698 3951 in
722 3878 827 3951 totius
849 3876 944 3949 orbis
970 3874 1139 3949 invidiam
1161 3876 1418 3967 laudavissent,
1441 3871 1506 3971 [in]
1526 3875 1636 3971 ipsam
1661 3880 1815 3953 velutin

413 4004 566 4078 omnium
582 4001 723 4075 urbium
744 4009 850 4095 caput
864 4020 925 4095 per
943 3999 1061 4073 sedem
1078 3998 1213 4093 imperii
1227 3998 1331 4071 totius
1349 3998 1538 4094 reipublice
1551 4020 1687 4073 summa
1704 4010 1817 4074 trans·

413 4128 503 4221 lata,
528 4147 593 4202 vos
617 4144 711 4199 nova
735 4122 932 4219 posteritas,
957 4121 1075 4217 magni
1095 4122 1245 4195 nominis
1266 4121 1388 4193 umbra
1409 4122 1559 4193 contenti
1583 4123 1816 4218 solummodo,

414 4251 498 4325 aviti
516 4248 712 4347 patrimonii
735 4247 842 4321 vestri
858 4245 966 4319 decus
982 4256 1017 4319 et
1036 4246 1181 4341 gloriam
1203 4245 1239 4316 iu
1264 4264 1446 4317 numerosa
1470 4252 1584 4337 straga
1602 4248 1818 4341 quarentium

413 4373 642 4468 adquisitam,
667 4393 774 4467 quam
798 4370 945 4443 retinere
968 4368 1079 4464 potuit
1098 4390 1180 4441 cura
1204 4366 1346 4459 facilior,
1370 4366 1458 4463 proh
1481 4362 1612 4462 pudor!
1637 4369 1715 4441 aliis
1740 4373 1817 4445 reli·

413 4496 549 4590 quistis.
568 4495 658 4568 Ecce
671 4514 766 4566 nunc
777 4491 1086 4567 Mediolanensium
1099 4488 1260 4584 superbia
1278 4488 1395 4562 sedem
1410 4488 1455 4560 ab
1474 4488 1633 4583 aquilone
1648 4490 1716 4563 sibi
1738 4514 1818 4565 oon·

416 4619 539 4710 stituit,
555 4641 625 4692 non
653 4626 812 4693 contenta
831 4614 1047 4690 solummodo
1066 4612 1162 4710 quod
1176 4613 1282 4686 Rome
1300 4612 1344 4683 sit
1361 4610 1481 4685 similis
1497 4612 1564 4684 nisi
1580 4612 1734 4690 Romano
1752 4614 1817 4689 im-

416 4745 512 4838 perio
538 4742 763 4818 contradicat.
795 4742 885 4815 Ecca
910 4740 960 4813 hii
989 4739 1052 4834 qui
1078 4736 1282 4811 tenebantur
1308 4734 1428 4823 vobis,
1458 4744 1498 4806 ut
1524 4734 1662 4827 dicitur,
1691 4737 1818 4815 tributa

417 4868 626 4963 persolvere,
653 4867 754 4942 robis
776 4865 999 4941 contumelias
1022 4864 1168 4938 affemnt
1190 4882 1254 4959 pro
1275 4860 1425 4934 tributis.
1443 4859 1472 4932 0
1489 4880 1595 4954 quam
1613 4870 1694 4933 sunt
1711 4861 1817 4937 heca
