4859 6359
831 785 980 849 'INDEX
1003 788 1349 852 oocumuoioittim.
1725 788 1802 849 1007
1903 862 1907 871 .

401 986 510 1061 1255

389 1089 528 1187 Tune-ruo
609 1111 699 1187 Apud
775 1111 959 1175 omnmo
976 1112 1057 1176 mileo
1067 1114 1102 1175 dc
1119 1113 1454 1197 uoiieqrdonetionem
1470 1114 1616 1175 bonorum
1630 1131 1752 1176 suorum
1769 1116 1802 1174 in

387 1204 529 1288 exeunte]
561 1204 743 1286 Spigeiberg.
815 1209 1007 1272 Utvensbetm
1021 1214 1159 1273 eeclesiae
1171 1213 1310 1273 Uterinue
1323 1212 1612 1274 Vultiseeeioetem
1629 1215 1716 1273 tertio
1733 1230 1800 1289 pro·

815 1310 953 1381 testetur,
967 1308 1094 1369 lienrieo
1107 1325 1175 1388 rege
1188 1309 1268 1387 opud
1280 1308 1448 1387 Spigeiberg
1465 1315 1615 1385 praesente
1631 1316 1661 1369 et
1677 1325 1801 1369 eonsen-

401 1499 516 1558 tmoii.
569 1496 628 1573 Ap.
639 1497 740 1558 Weet·
775 1402 918 1557 8⁶3:ss
937 1496 1000 1559 dieo
1017 1498 1196 1561 Brabootebe
1214 1501 1251 1561 de
1270 1501 1412 1562 mundato
1427 1501 1628 1562 Romanorum
1646 1414 1802 1577 impergt202-

541 1595 761 1653 monesterium.
816 1594 868 1665 ris,
883 1595 915 1653 ln
934 1598 1099 1671 proesentis
1112 1599 1199 1674 regis,
1214 1601 1417 1673 episcoporum
1434 1602 1464 1656 et
1477 1602 1651 1674 magnetum
1663 1596 1798 1675 Angiiee,

815 1698 1032 1753 sacramentum
1043 1699 1172 1770 praestat
1183 1694 1292 1755 mmde
1304 1693 1553 1753 domineleobeiie
1559 1693 1764 1770 desponsanda
1771 1700 1800 1753 et

815 1786 983 1846 coronando
996 1787 1035 1847 eb
1047 1790 1223 1864 imperatore
1239 1803 1328 1865 quem
1341 1787 1378 1847 de
1397 1802 1432 1845 ee
1445 1801 1496 1862 per
1513 1792 1623 1846 terrum
1640 1801 1724 1847 suem
1738 1786 1801 1847 du-

816 1878 908 1940 oendu
921 1887 967 1954 et,
983 1884 1009 1943 si
1022 1898 1110 1943 eusus
1129 1886 1247 1944 siutster
1259 1882 1410 1955 acciderit,
1426 1883 1457 1941 in
1470 1880 1609 1960 Anglittm
1622 1882 1798 1943 reducenda.

388 2070 442 2155 [20
461 2076 529 2152 lubi
543 2114 758 2136 .......
776 2072 926 2134 Goreradot
946 2072 1183 2136 Hildubemouie
1201 2076 1346 2155 episcopeo
1364 2076 1507 2155 Gregorio
1523 2090 1616 2151 popae
1637 1987 1800 2153 gretutffi

387 2172 528 2250 oirdtem]
812 2171 851 2232 de
871 2188 943 2249 peee
961 2173 1134 2247 reformate,
1148 2177 1324 2251 nuntiatque
1336 2175 1559 2251 imperatorem,
1574 2171 1635 2232 titio
1651 2174 1744 2249 ipsius
1761 2174 1799 2233 ud
1926 2186 1929 2195 ’

813 2272 878 2346 eine
890 2272 1016 2347 mutiam
1034 2272 1209 2343 accedente,
1225 2288 1294 2333 sues
1307 2272 1386 2349 apud
1399 2272 1597 2333 Wormotiem
1610 2272 1728 2345 nuptias
1747 2285 1801 2329 ee-

814 2365 972 2427 lebrevieee
998 2373 1029 2427 et
1049 2369 1161 2428 eurtum
1185 2369 1345 2429 solemnem
1375 2368 1414 2429 ed
1434 2366 1620 2446 Mogontiem
1645 2365 1800 2428 indixisse.

1659 2470 1728 2535 tto,
1745 2472 1802 2524 teo

412 2558 508 2633 [elren
541 2596 758 2618 .......
774 2558 940 2621 Friderioue
957 2577 1046 2621 comeo
1063 2558 1099 2620 de
1115 2558 1235 2621 Zollem
1249 2562 1396 2624 Friderioo
1415 2562 1615 2623 Romanorum
1634 2562 1803 2638 imperatori

389 2658 527 2737 julium]
814 2659 917 2719 scribit
929 2659 1077 2735 quomodo
1094 2660 1175 2735 opud
1187 2659 1311 2720 Aebeim
1324 2658 1459 2719 obsessus
1473 2659 1582 2719 dumne
1599 2660 1630 2717 in
1647 2660 1802 2718 servienti-

814 2752 871 2815 bus
887 2761 919 2814 et
930 2754 1168 2815 ministerialibus
1184 2757 1247 2815 suis
1262 2755 1451 2815 emerseeieo
1464 2750 1512 2835 [de
1526 2748 1691 2833 lustingen]
1704 2759 1734 2812 et
1746 2753 1800 2813 do-

813 2852 895 2910 mino
907 2852 945 2910 de
958 2850 1057 2913 Nitieu
1070 2849 1157 2911 inerit
1169 2866 1338 2927 pupeesus,
1354 2850 1497 2910 auxilium
1516 2854 1547 2909 et
1559 2848 1724 2909 subsidium
1742 2850 1801 2909 im-

812 2946 941 3023 piorens.
1349 2943 1353 2951 ’
1381 2963 1382 2967 ’
1742 2954 1800 3006 iet

414 3040 508 3123 [elren
542 3081 757 3102 .......
776 3041 926 3103 Conrado
942 3040 977 3102 do
993 3039 1169 3115 Hobcolocli,
1188 3042 1341 3102 Heinricue
1358 3038 1529 3101 morocoloto
1548 3038 1583 3099 de
1603 3040 1799 3120 Bappeobeim

392 3140 527 3219 iulium]
813 3145 844 3199 et
870 3140 906 3201 G.
929 3137 965 3199 oe
981 3136 1157 3220 Blochioum
1175 3141 1345 3216 imperatori
1367 3141 1507 3198 nuntient
1527 3138 1676 3215 quomodo
1702 3156 1800 3200 eomes

812 3238 913 3315 Egeuo
926 3238 964 3299 de
975 3237 1103 3315 Friburg
1124 3254 1157 3297 se
1176 3238 1208 3297 iu
1230 3234 1328 3296 Ureeb
1342 3237 1514 3309 muniverit,
1529 3235 1601 3295 dum
1614 3236 1671 3312 ipsi
1688 3237 1800 3299 viribus

813 3333 946 3393 destituti
958 3338 1088 3393 oestrum
1100 3333 1217 3409 Nioben
1230 3332 1364 3392 obsidere
1375 3347 1434 3392 non
1447 3333 1570 3408 possint
1741 3344 1798 3395 733

388 3429 528 3507 [ootobr.]
604 3427 694 3505 Apud
775 3427 854 3504 Otto,
864 3446 954 3490 eomes
962 3426 1114 3509 panemo
1129 3429 1204 3489 lieni
1219 3435 1247 3489 et
1262 3414 1325 3488 due
1334 3428 1495 3504 Bawarue,
1510 3429 1717 3507 inpraesentia
1731 3432 1797 3492 Fri·

558 3523 737 3604 Aegaeum.
812 3527 902 3587 deriei
919 3528 1118 3588 Romanorum
1135 3528 1317 3603 imperatorie
1326 3568 1336 3599 ,
1350 3541 1418 3586 eum
1432 3525 1558 3587 Henrieo
1571 3526 1677 3588 abbate
1689 3528 1725 3588 de
1743 3530 1798 3589 Te·

405 3683 518 3759 ¹236
813 3638 934 3700 gernsee
951 3623 1059 3683 diuidit
1075 3626 1107 3683 tn
1128 3624 1323 3683 matrimoniis
1343 3623 1502 3683 contructis
1520 3629 1574 3684 eut
1592 3624 1799 3685 eontrebendie

813 3720 891 3779 inter
903 3736 973 3780 euos
985 3726 1016 3779 et
1027 3720 1160 3797 ejusdem
1172 3720 1311 3780 eeeiesiue
1325 3719 1539 3781 ministeriales.
1741 3730 1795 3783 itit

389 3788 528 3873 ῐωεῖιῖ
552 3812 746 3894 muneborg.
777 3813 1489 3896 omaro,msormu0mamrumeopmom
1497 3812 1597 3894 fito,
1612 3817 1799 3880 donationem

815 3932 904 3992 quem
917 3915 1105 3975 Hermennus
1122 3913 1219 3974 dietm
1237 3912 1378 3991 Anguilio
1397 3920 1428 3973 et
1446 3930 1522 3974 uxor
1541 3916 1606 3991 ejus
1618 3913 1727 3974 Berthe
1740 3914 1799 3975 ire·

814 4011 910 4071 tribus
926 4011 1081 4087 bospituils
1096 4010 1223 4071 Sunetoe
1240 4010 1353 4071 Morino
1370 4010 1620 4072 'theutonicorum
1638 4014 1669 4071 in
1688 4012 1800 4073 Norin-

813 4106 882 4167 bero
895 4107 933 4166 de
949 4107 1182 4183 possessionibus
1194 4108 1255 4167 suls
1268 4106 1379 4167 ibidem
1391 4108 1456 4169 sitis
1468 4106 1524 4168 sub
1537 4106 1716 4183 quibusdem
1729 4126 1799 4169 oon·

813 4201 975 4262 ditionibus
987 4201 1127 4275 fecerum,
1142 4202 1307 4262 ooniirmot.
1743 4214 1801 4265 926

392 4292 745 4374 nemorumnemorum.
775 4295 913 4355 Testetur
938 4295 1104 4356 cenredum
1132 4296 1347 4373 butegeinium
1380 4294 1418 4355 de
1446 4293 1643 4373 Nuremberg,
1669 4300 1798 4359 euemri-

814 4397 876 4452 tete
888 4394 1041 4469 patrissui
1057 4398 1087 4453 et
1105 4408 1174 4467 sue,
1190 4392 1333 4470 quaedem
1347 4408 1429 4452 erens
1447 4392 1586 4469 hospitali
1598 4392 1724 4455 senene
1736 4396 1801 4455 Me·

814 4492 876 4551 niue
887 4491 1138 4552 'theutonicorum
1154 4493 1187 4550 tn
1200 4490 1383 4569 Nuremberg
1401 4492 1472 4552 oiim
1493 4492 1627 4567 donnus,
1643 4493 1801 4571 dequibus

814 4589 947 4663 quaestio
970 4587 1154 4661 mouebatur,
1175 4587 1271 4648 eidem
1293 4587 1430 4667 hospitali
1453 4589 1664 4650 sententialiter
1684 4590 1802 4668 adjudi-

814 4699 906 4745 eesse.
1744 4696 1800 4750 eti

908 4915 1282 4929 Ψ--α-ι--ψ-
