4859 6359
409 770 508 828 lsnrcr.
524 764 567 845 9.]
860 764 1056 826 fllsroltls
1083 761 1374 823 nlruoslllTlcs.
1760 760 1817 822 881

410 897 514 978 diam
533 908 571 979 et
587 895 788 1005 praecipue
802 894 1140 978 Mediolanensium
1158 894 1346 975 civitatem
1365 892 1430 975 ubi
1453 902 1509 975 tot
1530 894 1704 976 haereses
1722 892 1818 1001 pul-

409 1028 552 1137 lulant,
572 1028 741 1137 primum
759 1026 1005 1109 debellandas
1021 1026 1173 1109 habeat.

491 1215 583 1288 (lldit
599 1230 649 1291 ep.
664 1214 768 1275 blan.
782 1214 902 1286 Penus„
922 1212 1000 1273 Eiet.
1018 1213 1122 1294 sunjos.
1137 1210 1273 1293 Astylon,
1288 1229 1319 1289 p.
1336 1220 1404 1282 ²⁹6,
1424 1211 1463 1271 ad
1480 1229 1550 1272 ann.
1573 1221 1665 1285 latet
1685 1221 1716 1274 at
1733 1215 1816 1275 llar-

530 1337 636 1393 rssnnr‚
647 1318 729 1379 Aac.
741 1316 835 1380 welca.
846 1320 964 1380 mann.
979 1327 1068 1393 tato,
1078 1319 1158 1393 llll,
1169 1318 1356 1389 exsuccare,
1367 1304 1628 1399 Hat.'reqe.1tat.,
1639 1318 1691 1379 lib.
1702 1321 1814 1393 xviii,

527 1444 558 1504 p.
576 1436 622 1487 80.
640 1427 740 1502 Quum
753 1426 920 1487 numantina
931 1427 1053 1504 epistola
1066 1443 1140 1505 quae
1152 1426 1224 1486 bnlc
1244 1425 1419 1503 compendio
1432 1428 1591 1487 certissime
1603 1421 1702 1486 locum
1722 1426 1813 1499 dedit,

524 1548 672 1609 nmquam
693 1538 842 1609 appareat,
857 1531 1056 1610 fragmentum
1077 1535 1126 1592 cui
1147 1533 1220 1592 nibil
1243 1533 1416 1592 sinceritatis
1435 1533 1551 1592 insolite
1569 1548 1622 1593 sua
1644 1531 1739 1592 lernae
1757 1532 1815 1592 de·

528 1640 630 1715 trabit,
645 1646 680 1701 nt
691 1640 883 1714 arbitramur,
897 1658 933 1701 ex
946 1646 1064 1701 sumna
1076 1656 1186 1700 coaevo
1198 1640 1396 1713 exhibemus.)

460 1802 662 1895 [imperator
674 1800 814 1873 domino
832 1797 972 1896 papae]
984 1798 1081 1871 ltalia
1096 1799 1268 1873 hereditas
1290 1820 1368 1872 mee
1389 1808 1457 1887 est,
1485 1808 1520 1870 et
1544 1798 1610 1871 hoc
1628 1808 1746 1871 notum
1764 1808 1815 1872 est

410 1924 471 1997 toti
488 1924 575 1996 orbi.
598 1924 770 1997 Anhelare
788 1922 834 1996 ad
855 1924 965 1996 aliena
993 1933 1028 1996 et
1051 1924 1189 2019 propria
1215 1924 1408 2017 relinquere
1427 1923 1646 1994 ambitiosum
1671 1932 1760 1995 esset
1780 1932 1815 1995 et

408 2069 568 2135 enorme;
587 2048 766 2142 presertim
781 2068 861 2119 cnm
875 2048 1084 2136 Italicorum,
1097 2049 1261 2143 precipue
1275 2045 1594 2132 Mediolanensem,
1609 2068 1665 2119 me
1680 2047 1814 2138 injuriis

409 2171 582 2244 lacessivit
606 2172 809 2261 insolentia,
840 2172 876 2242 in
901 2172 995 2244 nullo
1018 2172 1103 2243 mihi
1128 2171 1281 2243 debitam
1294 2169 1464 2244 exhibens
1477 2171 1715 2243 reverentiam.
1733 2174 1813 2244 Pre-

408 2306 501 2367 terea
518 2294 725 2366 christianus
736 2316 816 2367 sum
829 2297 1139 2390 etqualiscumqne
1153 2316 1276 2367 servus
1297 2294 1461 2388 indiguus
1478 2294 1616 2387 Christi,
1639 2297 1815 2369 accinctus

407 2417 454 2489 ad
472 2419 583 2491 crucis
594 2420 752 2491 inimicos
765 2418 1003 2493 debellandos.
1021 2420 1106 2491 Cum
1121 2420 1228 2512 igitur
1246 2430 1295 2491 tot
1312 2418 1449 2491 hereses
1462 2441 1531 2491 non
1548 2430 1680 2492 mutum
1699 2421 1815 2515 pullu-

408 2542 496 2626 lent,
519 2544 589 2617 imo
611 2546 806 2638 sylvescant
823 2545 860 2615 in
879 2545 992 2634 ltalia,
1012 2546 1132 2637 etjam
1153 2544 1283 2615 zizania
1309 2552 1442 2636 segetes
1460 2544 1625 2637 incipiant
1648 2546 1815 2620 sulloeare

409 2686 469 2757 per
491 2666 648 2739 civitates
673 2668 823 2759 Italicas,
846 2668 1009 2764 precipue
1028 2665 1352 2755 Mediolanensium,
1377 2664 1520 2737 transire
1542 2667 1588 2739 ad
1608 2668 1813 2741 Sarracenos

407 2788 575 2861 hostiliter
595 2790 850 2885 expugnandos
864 2801 899 2862 et
919 2790 996 2863 illos
1020 2789 1227 2862 incorrectos
1243 2787 1449 2883 pertransire
1461 2790 1690 2862 assatvulnus
1703 2790 1813 2864 infixo

407 2913 498 2987 ferro
513 2914 672 2985 lomentis
685 2912 960 3009 superficialibus
971 2912 1127 3002 delinire,
1139 2923 1174 2985 et
1186 2911 1379 2985 cicatricem
1393 2910 1593 3003 deformem,
1606 2933 1674 2985 non
1693 2913 1813 2986 mede·

408 3037 475 3108 lam
488 3058 684 3131 procurare.
700 3038 783 3109 ltem
796 3038 890 3111 solas
907 3059 984 3109 sum
1001 3047 1037 3109 et
1051 3037 1261 3122 homocum,
1283 3056 1347 3109 nec
1362 3034 1409 3109 ad
1425 3044 1557 3107 tantum
1573 3036 1723 3109 laborem
1739 3039 1812 3109 sul·

408 3157 486 3230 ficio
502 3168 542 3231 nt
555 3160 712 3233 inimicos
731 3161 843 3235 crucis
858 3162 931 3233 sina
955 3182 1082 3253 magno
1096 3160 1257 3233 comitatu
1280 3158 1403 3233 adeam
1421 3160 1670 3251 debellaturus,
1699 3162 1811 3233 inore·

407 3282 506 3356 dulos
524 3285 585 3378 qui
604 3296 654 3357 tot
671 3296 753 3358 sunt
765 3297 800 3358 et
815 3295 884 3358 tam
898 3287 1000 3357 fortes
1016 3284 1264 3380 expugnando.
1295 3284 1420 3355 lterum
1448 3306 1526 3354 eum
1550 3284 1625 3355 sine
1645 3284 1813 3358 thesauris

407 3408 542 3500 magnis
558 3408 606 3482 ad
618 3419 689 3481 tam
705 3409 854 3483 arduum
873 3409 1050 3502 negotium
1067 3428 1272 3501 consurgere
1286 3430 1348 3503 per
1365 3430 1420 3478 me
1431 3429 1498 3479 non
1514 3408 1699 3500 sufficiam,
1730 3431 1814 3505 opes

407 3530 561 3621 ejusdcm
574 3542 664 3603 terre
674 3529 711 3602 in
724 3552 828 3627 opem
842 3540 876 3603 et
889 3532 1054 3603 ultionem
1068 3529 1232 3601 Crucifixi
1246 3544 1444 3604 convertere
1456 3514 1638 3605 destinavi.
1648 3532 1814 3607 Abundat

407 3652 549 3746 quidem
563 3655 659 3727 Italia
675 3656 800 3746 armis,
819 3656 918 3750 equis
931 3666 966 3727 ct
982 3655 1131 3751 opibus:
1147 3654 1215 3727 hoo
1232 3663 1319 3729 tarra
1337 3656 1434 3728 novit
1448 3657 1610 3729 universa
1622 3655 1652 3753 (l
1661 3656 1687 3751 ).

850 3826 941 3834 -υ-ι
1163 3825 1350 3832 ---————-—-
1366 3825 1649 3833 ————-—-—-———·--
1657 3824 1808 3835 ...α---ο

441 3904 477 3977 (t)
495 3906 537 3963 ld
553 3906 605 3964 hoc
623 3924 729 3980 quoqne
747 3908 880 3981 pertinere
894 3915 1000 3983 tempus
1017 3909 1151 3966 credimus
1163 3908 1293 3981 quasdam
1312 3908 1432 3980 Gregorii
1451 3922 1536 3981 papae
1555 3908 1658 3967 litteras
1675 3911 1702 3967 in
1721 3912 1813 3971 codice

407 4000 650 4060 bibliothlindob.
664 4004 763 4061 Philol.
775 4008 827 4061 tal
837 4006 919 4079 (637),
929 4007 973 4062 cui
986 4006 1079 4064 titulus
1088 4007 1221 4065 Gaidosts'a
1232 4006 1349 4079 epistolc,
1361 4004 1381 4061 f.
1394 4008 1445 4062 ⁴28
1457 4016 1537 4077 1⁰·v0,
1549 4007 1664 4065 insertas
1674 4026 1680 4063 :
1690 4011 1744 4067 «G.
1756 4011 1812 4083 api-

408 4113 540 4173 »scopug
558 4114 654 4158 servus
666 4116 805 4159 servoruum
817 4104 881 4173 Dei,
893 4104 999 4161 dilectis
1018 4105 1046 4160 in
1063 4104 1168 4161 Christo
1186 4102 1248 4160 liliis
1266 4102 1391 4160 omnibns
1409 4103 1589 4176 Longobardis
1605 4108 1774 4178 presentibus
1785 4114 1813 4166 et

407 4194 528 4252 »fuwris
543 4195 655 4253 sdubm
671 4204 699 4254 et
716 4200 888 4272 apostolicam
901 4200 1121 4258 benedictionem.
1131 4201 1218 4257 Aures
1232 4199 1375 4273 apostolica
1390 4199 1524 4272 dignitatis
1536 4206 1610 4257 tanto
1621 4218 1670 4259 nos
1683 4204 1759 4260 decet
1773 4205 1812 4260 in·

406 4292 531 4350 »clinare
544 4292 685 4365 benignius
693 4296 728 4351 ad
737 4296 883 4353 audiendas
894 4297 1101 4371 supplicantium
1109 4297 1270 4367 voluntates,
1281 4302 1380 4369 quamn
1393 4297 1420 4352 id
1432 4298 1503 4369 quod
1515 4298 1641 4354 suadetur
1654 4304 1681 4355 et
1691 4300 1812 4371 queritur

405 4390 594 4463 »peramplius
612 4392 737 4449 convenit
755 4393 884 4449 exaudiri.
898 4394 1013 4466 ideoque
1024 4394 1104 4467 justis
1125 4395 1251 4468 precibus
1271 4394 1367 4451 vestris
1388 4400 1547 4461 annuentes,
1563 4396 1641 4453 vobis
1653 4398 1681 4453 iu
1693 4399 1812 4471 presenti

405 4486 567 4558 »privilegio
580 4488 714 4544 licentiam
725 4488 820 4546 demus
834 4496 861 4547 et
872 4491 1042 4547 corroedimus
1054 4490 1166 4548 liberam
1179 4496 1337 4565 potestatem
1351 4496 1381 4546 ut
1396 4492 1632 4566 quotienscumque
1648 4493 1747 4551 intrare
1763 4511 1811 4553 vo·

405 4582 509 4639 eluerit
524 4584 670 4657 imperator
682 4587 816 4645 Romanus
826 4588 945 4644 italicam
962 4588 1111 4660 regionem,
1124 4588 1193 4645 sictrt
1205 4588 1234 4643 in
1251 4586 1391 4645 eoncordia
1404 4587 1582 4645 illustrissime
1599 4588 1653 4647 lilia
1670 4590 1741 4649 bona
1755 4608 1811 4650 me-

407 4680 515 4737 ·morie
527 4682 618 4753 regine
632 4683 787 4741 &nsmntie
800 4685 821 4756 (l
831 4684 853 4758 l)
866 4685 1025 4755 confinetur,
1037 4685 1145 4758 possitis
1157 4685 1312 4742 wdetatem
1323 4682 1411 4740 lacere
1424 4691 1452 4740 at
1458 4685 1615 4758 juramentis
1623 4694 1651 4745 et
1659 4690 1811 4763 promissio-

405 4776 511 4833 snibns
531 4794 580 4835 vos
600 4779 682 4851 ligare
701 4798 750 4854 pro
763 4784 860 4839 vestris
873 4783 1017 4840 rationibus
1030 4782 1233 4853 conservandis,
1248 4781 1327 4839 salvis
1344 4782 1490 4840 honoribus
1505 4792 1532 4842 et
1549 4786 1668 4844 serviciis
1681 4788 1813 4845 universis

407 4889 483 4945 »que
496 4874 623 4932 Romanis
636 4878 802 4952 principibus
815 4880 861 4951 qui
873 4895 922 4952 pro
935 4886 1055 4953 ternpore
1069 4879 1168 4937 luerint
1178 4885 1299 4952 prestare
1312 4878 1416 4937 debetis
1427 4880 1461 4938 de
1474 4886 1551 4953 pacto
1565 4880 1608 4939 vel
1622 4885 1812 4943 consuetudine

484 4975 537 5033 lV.
558 4988 614 5032 Pers
627 4993 649 5034 2
1598 4989 1650 5043 lii
