4859 6359
614 789 674 852 720
1133 783 1305 845 auraici
1334 784 1503 848 surmui
1837 795 1918 872 [aa.
1938 795 2025 860 issa:

696 921 868 1003 (Memorat.
883 936 934 997 ap.
947 919 1114 993 Bormum,
1128 917 1241 1001 deecit.
1254 921 1370 1001 imper„
1385 939 1414 1001 p.
1433 932 1505 1004 att,
1518 931 1552 984 n·
1566 932 1638 1004 tta,
1653 941 1692 986 ex
1705 927 1843 1006 originali
1856 930 1890 990 in
1904 931 2027 994 archivo

736 1027 954 1102 Cartsruhemi3
977 1028 1063 1104 culos
1078 1028 1260 1088 mentionem
1277 1044 1396 1108 qnoque
1412 1028 1603 1110 swithinus,
1617 1027 1772 1115 emero,
1785 1033 1824 1094 od
1842 1049 1914 1098 ann.
1935 1043 2026 1114 tati,

735 1154 767 1214 p.
785 1144 854 1196 tea.
868 1135 934 1195 lice
946 1149 1025 1196 anno
1036 1133 1238 1212 agtttomjam
1251 1139 1316 1198 eret
1328 1135 1490 1216 evulsum.)

662 1325 786 1396 Datum
805 1321 900 1417 apud
916 1321 1133 1414 depenowe,
1153 1318 1383 1413 idas'martii,
1400 1321 1590 1398 indictione
1607 1323 1694 1396 Vlll.

530 1987 564 2022 m
669 1898 873 2007 Beudena,
893 1899 1154 1984 Romanorum
1172 1925 1259 2008 rex,
1278 1899 1420 1984 Basilio
1437 1899 1509 1985 civi
1528 1901 1697 2012 Aquensi
1714 1901 1907 1987 licentiam
1924 1931 2025 1990 con-

481 2043 529 2075 m'
567 2005 576 2033 ⁹
617 2033 717 2118 cedit
736 2032 953 2117 conferendi
975 2040 1013 2116 et
1032 2033 1188 2144 legendi
1213 2033 1374 2117 domum
1400 2033 1521 2143 ipsius
1547 2033 1725 2118 ecclesiae
1751 2035 1911 2121 Sanctae
1936 2039 2026 2124 lla-

618 2166 698 2249 riae
723 2166 926 2276 deliquia,
946 2165 1000 2248 ita
1017 2176 1061 2249 ut
1078 2192 1207 2249 annua
1224 2167 1376 2276 pensio,
1399 2165 1540 2250 scilicet
1559 2167 1717 2278 triginta
1735 2170 1881 2254 denarii
1909 2171 2028 2257 Golo-

617 2299 782 2410 niensas‚
803 2299 876 2383 sibi
893 2309 931 2382 et
947 2299 1107 2409 imperio
1124 2299 1403 2408 persolvantur.

697 2513 800 2594 (Edld.
815 2515 1009 2591 Laconum,
1028 2513 1210 2578 Urlandead.
1218 2515 1279 2597 sita·
1292 2515 1338 2577 die
1350 2513 1440 2599 quet
1460 2513 1510 2578 dec
1523 2513 1697 2596 medena,
1715 2533 1773 2580 zu.
1793 2515 1888 2593 bend,
1904 2535 1934 2598 p.
1954 2527 2028 2601 tot,

736 2633 770 2684 n·
786 2621 869 2703 1⁹0.)

665 2809 728 2900 Η.,
754 2809 816 2880 Dei
839 2808 951 2903 gratia
977 2810 1208 2883 Romanorum
1237 2829 1302 2882 rex
1322 2817 1357 2881 et
1379 2829 1514 2906 semper
1541 2818 1729 2904 augustus,
1757 2809 1928 2884 universis
1954 2810 2026 2886 im-

616 2933 704 3030 perii
723 2931 887 3006 fidelibus
908 2933 1037 3027 quibus
1064 2934 1130 3008 hee
1148 2933 1259 3006 littere
1283 2943 1419 3006 ostense
1440 2933 1568 3006 inerint
1591 2934 1736 3028 gratiam
1757 2955 1856 3006 suam
1875 2943 1910 3006 et
1926 2955 2028 3008 omne

617 3057 761 3130 bouum.
787 3058 955 3131 Noverint
976 3066 1047 3130 tam
1072 3068 1247 3155 presentes
1275 3079 1380 3152 quam
1404 3059 1510 3130 futuri
1527 3059 1622 3154 quod
1643 3081 1706 3132 nos
1734 3057 1779 3132 de
1807 3057 2026 3155 providentia

619 3183 752 3255 consilii
770 3181 877 3254 nostri
893 3179 988 3256 fideli
1002 3181 1255 3254 nostroBssilio
1268 3181 1338 3254 civi
1356 3179 1511 3276 Aquensi
1529 3181 1703 3254 licentiam
1714 3180 1876 3255 dedimus
1887 3189 1922 3254 et
1940 3181 2026 3255 libe·

617 3306 895 3378 ramincultatem
905 3303 1256 3378 conferendidomum
1271 3327 1383 3396 suam,
1401 3326 1471 3399 que
1484 3313 1730 3379 votusmoneta
1743 3314 1975 3402 nuncupatur,
1993 3311 2029 3378 et

617 3428 758 3521 legendi
775 3430 919 3502 ecclesie
936 3431 1059 3502 Sancte
1074 3429 1182 3503 llerie
1198 3429 1235 3500 in
1251 3427 1374 3522 Aquis,
1393 3429 1525 3522 capelle
1544 3429 1697 3525 imperii,
1718 3428 1826 3502 libere
1843 3427 2027 3502 tenendam

618 3562 652 3626 et
669 3561 835 3648 perpetuo
854 3552 1120 3648 possidendam
1147 3553 1194 3626 ita
1219 3561 1333 3625 amen
1361 3561 1400 3624 ut
1424 3552 1469 3626 de
1488 3552 1611 3627 eadem
1638 3551 1742 3626 domo
1767 3573 1884 3626 annua
1909 3553 2028 3648 pensio

620 3685 750 3766 nostra,
770 3675 935 3749 videlicet
952 3676 1091 3770 triginta
1103 3676 1237 3750 denarii
1249 3676 1482 3762 Colonienses,
1501 3677 1602 3749 nobis
1614 3687 1650 3749 et
1664 3676 1808 3772 imperio
1821 3677 2029 3772 persolvan-

620 3815 688 3875 tur.
708 3801 765 3875 Ad
788 3803 889 3894 cujus
906 3803 985 3874 iacti
1007 3803 1115 3875 nostri
1136 3802 1337 3876 memoriam
1365 3801 1580 3894 evidentem,
1609 3810 1802 3900 presentem
1822 3801 1855 3874 ei
1882 3801 2027 3872 litteram

618 3925 827 3998 indulsimus
839 3927 942 4021 sigilli
958 3927 1064 4000 nostri
1079 3927 1270 4000 munimine
1282 3926 1489 4000 roboratam.

666 4055 790 4126 Datum
807 4052 902 4148 apud
919 4054 1135 4147 Hagenowe,
1163 4073 1257 4125 anuo
1274 4049 1448 4125 dominice
1469 4049 1714 4124 incarnationis
1735 4051 1784 4122 M.
1798 4049 1861 4122 CC.
1877 4047 2023 4139 XXXV,

617 4177 650 4250 X
668 4175 833 4251 kalendas
852 4176 987 4272 aprilis,
1009 4175 1198 4250 indictione
1215 4175 1302 4249 Vlll.

855 4468 1144 4482 W
1147 4465 1426 4476 -v—c-—n-—n-n
1429 4461 1796 4476 m--n———u—nfi

437 4767 576 4876 ὥθ’
675 4750 878 4859 llenrious,
898 4751 1158 4834 Romanorum
1180 4773 1266 4856 rex,
1295 4747 1427 4831 domui
1448 4745 1646 4856 hospitalis
1672 4745 1713 4829 in
1741 4747 1952 4860 llaguenau
1977 4747 2027 4831 ab

446 4878 569 4922 ”m
623 4883 922 4968 antecessoribus
959 4883 1039 4966 suis
1073 4881 1256 4964 fundatae
1286 4879 1458 4965 concedit
1482 4879 1723 4991 parrochiam
1754 4880 1795 4964 in
1827 4907 1897 4966 sua
1927 4905 2028 4966 nova
