4859 6359
378 795 478 859 lamcr.
497 797 559 874 lu]
827 793 1024 855 HISTORIA
1048 792 1347 855 creberrumos.
1725 798 1786 860 909

378 931 532 1002 cessione
566 927 724 1017 debetur,
757 927 889 1021 integre
913 929 1073 999 volumus
1110 928 1323 1020 conservari;
1351 928 1447 1022 quod
1479 940 1581 1025 prout
1616 942 1668 1006 est
1690 935 1784 1009 fideli

378 1062 571 1141 nostrorum
599 1050 752 1124 fidelium
774 1052 996 1145 inquisitione
1015 1059 1207 1144 repertum,
1234 1052 1283 1123 sic
1305 1072 1367 1146 per
1391 1054 1552 1129 officiales
1575 1069 1707 1133 nostros
1728 1064 1786 1134 iu-

378 1176 583 1250 violabiliter
599 1176 775 1249 observari
792 1175 1011 1247 mandamus.
1028 1174 1182 1247 Alatriuo
1195 1174 1408 1249 subdiacono
1427 1188 1462 1250 et
1481 1182 1656 1275 capellano
1670 1196 1784 1259 vestro

377 1298 569 1388 beneficia,
586 1300 700 1393 siqua
721 1307 803 1371 sunt
827 1298 895 1371 sibi
918 1298 1115 1370 officialium
1138 1309 1332 1371 nostrorum
1353 1300 1567 1377 infestatione
1591 1306 1780 1402 subtracta,

379 1446 458 1496 cum
487 1423 682 1516 integritate
707 1423 870 1495 volumus
891 1422 1070 1515 resignari.
1095 1422 1263 1495 Ecclesiae
1289 1424 1465 1517 quondam
1490 1428 1637 1502 civitatis
1658 1436 1785 1508 Sorane

378 1569 447 1641 que
472 1547 570 1619 uelut
597 1546 758 1641 exemplo
784 1545 971 1638 Cartaginis
992 1568 1093 1641 passa
1114 1547 1188 1638 jam
1214 1555 1366 1619 aratrum
1386 1548 1629 1643 indignationis
1648 1570 1781 1647 nostre,

376 1671 478 1761 juxta
503 1670 725 1760 sententiam,
752 1669 902 1743 civitatis
931 1691 1057 1743 nomen
1081 1678 1116 1742 et
1139 1692 1241 1743 omen
1265 1672 1398 1762 amisit,
1423 1674 1583 1747 nolumus
1607 1684 1779 1774 reparari,

379 1792 557 1885 presertim
582 1812 663 1861 cum
698 1799 856 1885 reparata
879 1790 1008 1863 nullam
1035 1791 1211 1885 aliquibus
1247 1792 1428 1865 utilitatem
1457 1794 1638 1891 afferrent,
1667 1812 1786 1896 utpote

379 1936 459 1986 cum
481 1915 595 1986 locum
616 1912 779 1985 eumdem
800 1914 836 1983 in
863 1925 1064 2008 perpetuam
1090 1914 1283 1987 infidelium
1306 1926 1420 1988 notam
1450 1930 1613 2012 perpetuo
1637 1925 1786 1999 velimus

379 2037 519 2111 excidio
534 2038 725 2129 subjacere.
742 2037 898 2109 Castrum
918 2059 1003 2110 vero
1024 2037 1278 2130 Montisregalis
1295 2038 1391 2133 quod
1407 2040 1669 2117 Sarracenorum
1693 2050 1785 2121 insi-

379 2161 447 2234 diis
472 2161 692 2254 subjacebat,
708 2159 755 2233 ad
779 2161 1024 2233 monachorum
1042 2162 1239 2234 instantiam
1268 2163 1362 2235 velut
1388 2164 1541 2257 ipsorum
1568 2168 1786 2245 facultatibus

378 2307 579 2375 onerosum,
599 2285 683 2378 quia
704 2284 923 2379 providentia
941 2284 1073 2357 destrui
1100 2284 1288 2359 deliberata
1314 2287 1579 2378 mandavimus,
1610 2298 1786 2389 repentina

378 2410 518 2483 leuitate
539 2429 609 2480 nou
636 2408 798 2481 volumus
823 2409 990 2501 reparari,
1023 2408 1226 2502 priusquam
1245 2409 1292 2483 ad
1312 2420 1426 2504 partes
1449 2412 1542 2507 ipsas
1563 2418 1678 2491 omine
1704 2444 1786 2514 pru-

378 2555 480 2630 spem
497 2532 695 2623 redeuntes,
719 2531 816 2627 quod
835 2532 936 2604 nobis
959 2540 994 2604 et
1018 2533 1162 2605 ecclesie
1177 2534 1288 2625 magis
1308 2535 1475 2629 expedire
1502 2538 1690 2614 viderimus
1708 2544 1786 2617 dis-

289 2724 301 2753 ,
378 2678 560 2754 ponamus.
587 2656 658 2727 Nec
686 2656 732 2727 de
755 2655 856 2727 bouis
876 2654 1021 2727 ecclesie
1039 2656 1236 2749 supradicte
1262 2678 1368 2749 quam
1395 2660 1672 2752 predecessorum
1700 2690 1787 2741 nos-

378 2792 509 2855 trorum
544 2800 634 2873 opus
670 2779 849 2871 egregium
882 2779 1113 2862 admiramur,
1149 2800 1211 2872 per
1247 2800 1311 2850 nos
1342 2781 1475 2875 aliquid
1508 2788 1683 2860 noscimus
1711 2814 1788 2866 esse

379 2907 613 2995 subtractom3
633 2902 827 2998 quodcum
845 2903 892 2976 ad
910 2903 1066 2975 notitiam
1086 2912 1236 2975 nostram
1254 2903 1371 2997 aliquo
1390 2904 1563 2980 deferente
1578 2916 1784 3007 pervenerit,

379 3032 512 3123 integre
536 3028 669 3101 restitui
697 3027 874 3100 faciemus.
896 3027 1058 3099 Similiter
1083 3035 1118 3098 et
1147 3026 1290 3100 ecclesie
1312 3028 1537 3120 Squillacensi
1562 3033 1682 3127 siqua
1707 3048 1788 3110 sunt

379 3152 550 3229 debonis
577 3151 687 3246 ipsius
713 3152 908 3245 aliquorum
936 3151 1066 3224 malitia
1095 3158 1215 3223 contra
1238 3152 1405 3243 justitiam
1430 3164 1613 3250 occupata,
1643 3180 1787 3253 persone

379 3276 564 3369 cujuslibet
587 3275 787 3370 acceptione
809 3284 959 3367 remota,
991 3275 1126 3347 restitui
1154 3296 1233 3346 cum
1261 3275 1455 3369 integritate
1481 3280 1704 3376 mandamus,
1725 3297 1788 3358 ut-

378 3410 459 3497 pote
475 3400 537 3495 qui
554 3420 619 3471 nec
634 3399 671 3469 in
688 3398 744 3469 bis
758 3420 824 3469 nec
838 3399 875 3469 in
894 3395 971 3471 aliis
986 3398 1119 3471 deterre
1137 3396 1355 3492 disponimus
1371 3400 1502 3473 bomini
1529 3414 1646 3477 contra
1660 3408 1784 3481 Deum.

379 3528 489 3620 Super
503 3545 546 3597 eo
563 3545 646 3597 sane
662 3522 758 3617 quod
777 3521 981 3595 deecclesia
996 3520 1149 3595 Mefiensi
1169 3518 1220 3617 (l)
1237 3530 1272 3594 et
1287 3525 1500 3597 monasteriis
1516 3527 1630 3599 Sancti
1646 3530 1788 3603 loannis

319 3656 324 3665 '
379 3651 416 3721 in
445 3648 577 3735 umis,
603 3648 706 3719 Teme
721 3646 878 3738 Majoris,
902 3645 1009 3719 Mileti
1036 3654 1071 3718 et
1097 3646 1221 3718 Sancte
1250 3646 1442 3741 Euphemie
1463 3670 1543 3721 cum
1569 3652 1698 3744 quibus
1726 3655 1788 3749 ip-

379 3793 495 3845 sorum
512 3770 738 3843 indemnitate
755 3778 889 3841 servata
905 3768 1198 3863 permutationum
1213 3778 1408 3843 contractus
1426 3770 1604 3865 inivimus,
1624 3798 1689 3848 neo
1706 3800 1787 3850 con-

380 3894 560 3968 scientiam
586 3900 738 3966 nostram
763 3892 801 3963 iu
824 3893 941 3987 aliquo
963 3914 1028 3965 nec
1050 3892 1218 3985 justitiam
1242 3894 1417 3966 credimus
1439 3894 1642 3988 offendisse,
1670 3910 1788 3995 utpote

380 4040 458 4091 oum
480 4016 635 4090 ecclesiis
651 4016 697 4089 sit
718 4024 865 4109 utroque
883 4016 962 4107 jure
976 4016 1181 4112 permissum
1198 4037 1300 4112 posse
1316 4039 1395 4089 cum
1416 4020 1629 4115 principibus
1650 4045 1788 4117 permu-

380 4153 470 4233 tare;
490 4143 520 4214 si
537 4162 608 4236 que
624 4150 706 4212 sunt
721 4150 836 4212 tamen
862 4136 908 4212 de
933 4140 1088 4212 ecclesiis
1113 4140 1295 4213 antedictis
1313 4142 1441 4235 quibus
1457 4165 1526 4216 nun
1551 4146 1597 4217 sit
1626 4168 1686 4242 per
1709 4150 1786 4221 offi-

379 4268 481 4340 ciales
510 4273 645 4337 nostros
668 4260 704 4333 in
733 4262 964 4335 satisfactione
985 4262 1113 4336 vicaria
1145 4263 1357 4337 satisfactum
1385 4265 1615 4361 adplenum,
1641 4270 1786 4343 libenter

378 4390 509 4463 eisdem
526 4386 684 4460 satisfieri
702 4384 964 4469 mandabimus,
987 4385 1071 4459 dum
1086 4397 1201 4460 tamen
1225 4408 1264 4459 se
1280 4386 1410 4461 discola
1430 4390 1639 4484 prelatorum
1658 4394 1785 4467 malitia

379 4534 448 4586 non
464 4521 627 4608 opponat.
647 4512 873 4597 Quibuscum
890 4509 1005 4583 omnia
1022 4510 1095 4582 lere
1110 4509 1392 4605 predecessorum
1411 4522 1603 4586 nostrorum
1616 4525 1652 4588 et
1669 4528 1784 4590 nostra

413 4816 450 4889 tt)
467 4814 513 4873 Sic
525 4814 553 4871 in
565 4814 680 4873 duobus.
698 4815 749 4872 llic
760 4820 852 4873 autem
863 4829 917 4871 ucn
929 4814 964 4874 de
974 4813 1086 4874 melmin
1102 4814 1307 4889 debemusne
1317 4816 1406 4891 potius
1423 4817 1458 4875 de
1471 4817 1625 4879 Meldcteusi
1641 4822 1782 4897 (diclfctto)

378 4913 541 4973 mentionem
554 4910 613 4969 ficri
623 4911 791 4970 arbitramur.
