4859 6359
619 755 678 816 'l'l6
824 775 830 788 ‘
1116 757 1331 820 Fllllllllllcl
1354 757 1529 820 securint
1841 758 1921 837 [dn.
1940 759 2025 821 taes

619 889 776 962 kalendis
796 890 908 960 martii
925 891 1084 984 proximo
1102 893 1208 964 futuri
1228 913 1337 985 regno
1354 891 1552 988 prolicietur
1564 890 1692 979 eidem,
1708 911 1813 985 quem
1828 889 2027 986 preficiendi

606 1013 720 1132 'nobis
735 1033 796 1108 per
812 1021 890 1086 tuas
908 1014 1100 1088 committas
1118 1017 1246 1090 litteras
1267 1024 1482 1110 potestatem.
1499 1016 1542 1088 Et
1561 1015 1648 1108 qnia
1662 1015 1751 1087 inter
1769 1013 1883 1108 ipsum
1902 1035 2028 1086 mares

618 1137 752 1210 calcum
767 1145 802 1207 et
818 1145 949 1230 partem
969 1139 1110 1211 alteram
1128 1149 1209 1212 sunt
1227 1139 1407 1212 inimicitis
1418 1140 1594 1234 capitales,
1610 1139 1706 1230 justa
1723 1137 1853 1210 habent
1872 1159 1954 1210 eum
1972 1158 2026 1210 ra·

618 1259 711 1332 tione
726 1269 942 1354 suspectnm3
961 1283 1032 1356 quo
1045 1263 1075 1334 si
1093 1262 1179 1336 illud
1192 1272 1370 1337 exerceret
1382 1261 1547 1348 officinm,
1559 1262 1653 1357 ipsos
1668 1260 1808 1356 gladius
1819 1260 1877 1332 vel
1887 1259 2026 1332 alterius

618 1383 754 1477 generis
778 1393 994 1457 consumeret
1017 1387 1209 1478 cruciatus;
1233 1386 1369 1458 interim
1394 1385 1452 1458 alii
1474 1384 1583 1478 bajuli
1599 1384 1750 1458 officinm
1772 1382 2021 1456 administrent.

616 1505 672 1580 Ad
685 1507 762 1598 heo,
778 1509 860 1602 quia
881 1530 949 1581 non
968 1509 1057 1582 hena
1073 1519 1189 1605 posset
1205 1510 1326 1606 prelati
1345 1511 1444 1603 regni
1462 1510 1577 1582 sedari
1590 1508 1740 1581 turbatio
1755 1507 1786 1580 si
1799 1529 1946 1602 regnum
1959 1506 2024 1601 Cy·

617 1630 671 1724 pri
700 1631 736 1701 in
772 1631 943 1705 discordia
974 1645 1183 1721 remaneret,
1213 1634 1452 1706 excellentiam
1481 1644 1576 1705 tuam
1605 1653 1768 1725 rogamus
1789 1640 1824 1704 et
1848 1651 2025 1704 monemus

617 1764 744 1826 attente
760 1765 930 1849 qnatenus
943 1755 1142 1850 hujusmodi
1162 1757 1355 1852 negotium,
1370 1767 1411 1830 nt
1423 1759 1480 1829 vel
1494 1756 1709 1829 cadsdmum
1722 1757 1759 1826 in
1769 1755 1901 1828 Christo
1916 1753 2024 1826 lilium

618 1887 773 1950 nostrum
793 1879 959 1952 illustrem
978 1901 1094 1974 regem
1116 1879 1220 1976 Cypri
1236 1879 1284 1953 ad
1300 1890 1399 1952 tunm
1415 1880 1583 1952 iaciamus
1602 1878 1716 1951 redire
1732 1877 1951 1966 mandatum,
1969 1877 2026 1948 vel

619 2001 708 2074 inter
725 2010 760 2072 te
774 2022 816 2072 ao
833 2001 947 2096 ipsum
962 2010 1101 2096 treugas
1120 2002 1166 2076 ad
1189 2010 1320 2076 certum
1344 2003 1529 2075 terminum
1548 2011 1741 2074 statuamus
1755 2021 1801 2073 ne
1817 2020 1865 2072 cx
1881 1999 1948 2072 hoc
1962 1999 2026 2069 im·

617 2124 779 2220 pedintur
796 2125 897 2198 Terre
920 2127 1044 2199 Sancte
1061 2125 1276 2216 subsidium,
1296 2134 1411 2198 nostre
1426 2125 1632 2198 ordinationi
1651 2124 1856 2197 committas.

845 2439 1480 2451 mennon-n·—
1489 2437 1816 2450 W

422 2787 450 2830 „
461 2731 598 2840 ,effla
675 2704 879 2813 Gregorius
906 2729 1006 2813 papa
1032 2705 1219 2815 magistro
1245 2705 1385 2788 domus
1407 2703 1727 2787 Theutonicorum
1754 2696 1905 2782 nuntiat
1934 2691 2028 2802 qnid

622 2860 712 2920 cum
743 2836 852 2920 Petro
879 2836 927 2920 de
953 2835 1072 2919 Vinea
1102 2835 1309 2945 imperialis
1335 2835 1464 2920 curiae
1490 2834 1620 2945 judice
1644 2829 1858 2917 tractaverit
1879 2827 1927 2909 de
1956 2848 2027 2905 re·

623 2969 789 3052 laxando
819 2968 1020 3052 interdicto
1050 2969 1091 3050 in
1119 2970 1309 3054 Anconem
1348 2980 1490 3053 temere
1515 2966 1783 3078 promulgato3
1813 2971 1852 3046 et
1876 2961 1926 3042 de
1950 2983 2027 3039 ne-

623 3102 726 3212 gotio
757 3100 1080 3209 Lombardorum‚
1104 3101 1209 3210 quod
1237 3101 1322 3186 vult
1352 3101 1557 3210 imperator
1590 3098 1692 3182 inira
1722 3096 1862 3180 testum
1882 3089 2029 3176 Natiui-

622 3234 796 3342 tntisper
814 3233 1039 3316 sententiam
1057 3232 1259 3342 compleri,
1279 3233 1374 3317 dum
1397 3232 1568 3343 alioquin
1589 3232 1693 3314 idem
1714 3229 1920 3337 imperator
1940 3245 2027 3304 cnm

624 3365 790 3447 exercitu
807 3373 934 3473 partes
955 3364 1103 3474 ingredi
1122 3365 1373 3449 Lombardiae
1390 3374 1546 3474 paratus
1562 3363 1625 3447 sit.
1645 3362 1752 3445 Unde
1768 3385 1836 3469 per
1852 3355 2028 3441 eumdem

623 3497 851 3607 magistrum
886 3497 1152 3606 imperatorem
1187 3524 1288 3608 papa
1320 3509 1432 3609 rogat
1466 3496 1701 3580 monendum
1726 3519 1799 3600 ne,
1827 3500 2029 3600 postquam

496 3661 511 3682 ·
623 3655 738 3740 super
754 3630 828 3713 hoc
846 3629 998 3740 negotio
1016 3655 1057 3712 se
1079 3630 1246 3740 praecise
1263 3632 1304 3712 in
1321 3629 1500 3713 manibus
1517 3625 1705 3711 Ecclesiae
1721 3623 1911 3736 posuerit,
1932 3644 2029 3702 nova

623 3762 770 3873 adjecta
796 3761 1011 3844 conditione
1036 3764 1354 3872 compromissum
1380 3761 1588 3872 impediat,
1614 3783 1736 3871 quum
1762 3783 1804 3841 se
1827 3752 2030 3840 Lombardi

623 3894 780 3978 arbitrio
798 3894 987 3978 Ecclesiae
1014 3920 1054 3977 se
1081 3896 1250 4004 praecise
1267 3895 1539 3979 commiserint.

593 4095 596 4104 “
706 4095 804 4176 (ltdlt.
819 4113 868 4176 cp.
882 4097 1023 4172 Sarnous,
1038 4093 1148 4160 Annul.
1163 4094 1297 4181 Boloora,
1309 4104 1334 4158 t.
1349 4098 1408 4176 ΙΙΙ,
1419 4113 1489 4176 pars
1499 4097 1543 4177 ΙΙ,
1553 4113 1585 4174 p.
1604 4094 1686 4175 tto.)

673 4271 797 4342 Datum
810 4268 947 4363 desidi,
967 4269 1179 4345 likalendas
1191 4270 1342 4342 octobris
1359 4269 1426 4367 (l),
1444 4291 1535 4343 anno
1549 4269 1609 4342 lX.

1921 4462 2025 4472 ...ιο--

662 4573 699 4650 (Ι)
715 4574 860 4645 Postridie,
873 4574 973 4633 scilicet
986 4574 1026 4632 IX
1038 4575 1165 4634 kalendas
1180 4573 1308 4646 octobris,
1323 4575 1457 4633 Friderico
1474 4575 1627 4652 mentori
1647 4572 1755 4648 scripsit
1770 4587 1842 4646 papa
1864 4576 1895 4628 nt
1915 4571 2033 4628 mitteret

624 4672 782 4745 magistrum
796 4672 935 4746 hospitalis
948 4675 1062 4732 Sanctae
1076 4673 1176 4730 lladas
1189 4671 1412 4731 lncuwnicornm
1424 4689 1475 4748 pro
1487 4673 1654 4731 terminanda
1665 4671 1807 4729 discordia-
1815 4671 1886 4727 inter
1903 4669 1993 4742 ipsum
2005 4675 2033 4724 st

625 4768 803 4840 lombardos,
823 4769 916 4842 stipsi
934 4770 1062 4843 magistro
1074 4770 1203 4846 scriptum
1214 4776 1257 4828 ast
1267 4785 1348 4845 urper
1367 4771 1420 4829 lroc
1438 4771 1467 4827 in
1485 4770 1610 4828 minden
1621 4769 1740 4828 mudum.
1755 4767 1843 4828 rates
1858 4765 1940 4825 litter.
1964 4766 2033 4823 Gro-

622 4882 682 4938 oor.
695 4867 758 4935 IX,
770 4881 834 4924 ann.
849 4865 903 4938 lx,
917 4879 949 4924 nt
962 4869 1025 4926 23l.
