4859 6359
444 808 541 866 lunser.
558 802 602 882 R]
892 798 1088 861 ntsroltttt
1112 794 1404 860 lthLOllb'l'le.

656 1089 1644 1108 mmm

499 1371 665 1455 Consilio
680 1370 812 1455 habito
829 1371 878 1454 vl
895 1371 989 1482 (lep.
1000 1370 1067 1483 lV)
1085 1396 1207 1453 nonas
1219 1369 1321 1480 julii,
1334 1370 1436 1479 apud
1454 1369 1707 1455 Wormatiam
1725 1366 1852 1472 [Hen-

444 1503 561 1609 ricas}
579 1505 619 1585 in
638 1505 800 1615 gratiam
827 1505 946 1613 patris
963 1505 1155 1615 recipitur.
1178 1505 1254 1588 Sed
1275 1529 1352 1586 non
1382 1503 1599 1612 persolvens
1626 1528 1725 1612 quae
1751 1527 1851 1610 pro-

444 1634 600 1718 miserat
614 1663 685 1718 nec
700 1637 900 1746 resignans
922 1646 1092 1719 castrum
1108 1636 1256 1719 Drivels
1283 1634 1389 1745 quod
1405 1633 1540 1730 habuit
1565 1635 1605 1714 in
1625 1660 1694 1716 sua
1715 1643 1850 1742 potes-

444 1778 540 1875 tate,
560 1767 672 1878 jussu
699 1769 818 1880 patris
843 1769 1083 1880 imperatoris
1109 1779 1167 1852 cst
1193 1767 1388 1850 custodiae
1414 1767 1665 1874 mancipatus.
1689 1767 1849 1850 Gooara.

447 1898 577 1982 Conon.
598 1927 663 2010 ap.
682 1899 1147 2008 Roannrn,ronos,t.1l,
1168 1928 1208 2010 p.
1230 1903 1388 1983 367.-
1400 1899 1469 1982 Ubi
1483 1897 1584 2008 (scil.
1602 1897 1851 2010 Wormatiae)

445 2058 512 2114 rex
536 2032 745 2142 llenricus,
775 2035 907 2118 audita
936 2034 1220 2144 compositionis
1247 2032 1372 2116 forma
1398 2056 1422 2115 a
1451 2039 1558 2141 patre
1584 2031 1850 2142 promulgata,

446 2163 579 2275 fugam
613 2165 709 2250 inire
743 2167 904 2276 paravit.
945 2169 1069 2267 Quem
1102 2176 1211 2277 pater
1245 2165 1436 2275 captivum
1472 2173 1596 2248 castro
1626 2165 1853 2278 Heidelberg

445 2297 735 2382 custodiendum
757 2301 933 2406 tradidit,
953 2310 1098 2410 etpost
1122 2300 1227 2382 huno
1253 2300 1380 2410 ipsum
1412 2298 1618 2382 absumens
1648 2299 1688 2379 in
1720 2299 1854 2382 Rhetia

445 2439 569 2513 castro
582 2431 775 2516 Alreheim
784 2431 846 2544 (1)
857 2433 1088 2518 servandum
1101 2433 1304 2516 commisit.
1326 2433 1497 2516 Tandem
1510 2431 1716 2540 imperator
1728 2433 1853 2515 adbuc

445 2563 582 2646 timens
598 2592 667 2674 per
688 2567 815 2675 ipsum
834 2565 884 2648 ab
906 2567 1044 2650 emulis
1062 2567 1142 2650 suis
1160 2565 1309 2676 imperii
1336 2565 1591 2648 turbationem
1610 2563 1759 2672 moliri,
1784 2591 1852 2674 par

444 2695 638 2805 episcopos
656 2697 994 2810 Salzeburgensem
1015 2709 1053 2784 et
1068 2699 1424 2808 babenbergensem
1450 2724 1495 2780 ao
1525 2707 1655 2806 postea
1681 2721 1749 2804 per
1771 2724 1850 2805 pu-

443 2831 649 2914 triarcham
689 2834 994 2946 Aquilegiensem
1039 2836 1218 2918 eumdem
1260 2835 1300 2914 in
1342 2832 1520 2940 Apuliam
1564 2831 1850 2939 transmittens,

446 2972 568 3046 castro
597 2963 757 3048 Raleme
780 2965 1025 3078 (Palermel)
1047 2968 1162 3077 recipi
1197 2967 1406 3049 mandavit.
1434 2964 1604 3048 Gbronic.
1634 2964 1849 3074 Erplord.,

445 3095 598 3195 Ibidem,
621 3107 651 3180 t.
672 3098 723 3201 ll,
751 3126 792 3208 p.
814 3101 907 3182 595.
927 3146 983 3162 —-
998 3100 1147 3184 Interea
1176 3101 1361 3184 Hemious
1387 3125 1454 3181 rex
1480 3097 1582 3180 lilius
1613 3097 1852 3205 imperatoris

445 3229 527 3336 qui,
549 3237 594 3312 ut
610 3230 718 3338 prius
739 3231 884 3315 dietum
911 3242 988 3342 est,
1007 3233 1194 3344 plurimos
1212 3233 1252 3314 in
1272 3258 1386 3315 suum
1409 3232 1577 3314 savorem
1604 3241 1641 3312 et
1667 3230 1852 3312 auxilium

444 3387 508 3468 per
534 3363 713 3446 donativa
744 3373 972 3474 attraxerat,
999 3393 1186 3476 persuasu
1212 3365 1417 3476 cujusdam
1442 3363 1652 3446 Hermanni
1679 3363 1852 3473 magistri

444 3493 581 3576 domus
604 3495 924 3581 Theutonicorum
948 3509 987 3582 et
1011 3499 1140 3582 fratris
1163 3499 1209 3583 B.
1236 3497 1406 3608 ejusdem
1430 3499 1568 3582 domus
1592 3495 1674 3607 (ἓ),
1699 3497 1854 3582 accessit

445 3628 492 3708 ad
521 3637 684 3736 patrem.
721 3630 796 3728 Qui
820 3633 948 3713 statim
985 3633 1074 3715 fecit
1107 3657 1196 3714 eum
1223 3631 1356 3714 haberi
1381 3630 1454 3714 sub
1480 3631 1676 3739 custodia,
1705 3641 1854 3740 etpost

445 3759 724 3870 aliquantulum
749 3765 930 3873 temporis
953 3775 1108 3874 captum
1135 3765 1316 3875 relegavit
1342 3789 1431 3847 eum
1458 3765 1498 3846 in
1525 3789 1645 3876 regno
1670 3762 1848 3874 Apuliae,

445 3893 507 3977 ubi
526 3895 600 3979 sub
617 3905 722 3980 areta
738 3899 912 3982 custodia
929 3900 1143 4008 tenebatur,
1158 3899 1264 4010 justo
1282 3899 1350 3982 Dei
1368 3899 1524 4007 punitus
1538 3897 1696 4008 judicio.
1716 3901 1849 3982 lauat.

444 4033 587 4135 lrpeut.
622 4056 686 4138 ap.
711 4031 907 4138 Boanum,
934 4041 1084 4130 Fontes,
1110 4045 1140 4116 t.
1174 4033 1249 4139 lll,
1281 4061 1322 4142 p.
1356 4033 1557 4115 toa-109.
1577 4079 1632 4095 -··
1653 4033 1851 4116 Heinricus

394 4225 407 4232 -
444 4161 594 4244 veniens
625 4163 676 4245 ad
706 4175 854 4274 patrem
881 4166 921 4247 in
951 4167 1162 4254 Wormatia
1193 4165 1492 4250 misericordiam
1523 4166 1648 4276 petiit,
1679 4166 1850 4250 sednon

446 4291 617 4378 obtinuit.
647 4295 824 4408 Fecitque
850 4325 941 4381 eum
972 4300 1056 4409 capi
1086 4311 1194 4410 pater
1221 4327 1314 4384 suus
1347 4309 1384 4383 et
1410 4301 1449 4382 in
1478 4301 1637 4382 domum
1669 4324 1851 4409 magnam

445 4423 631 4536 lapideam
652 4431 753 4514 circa
780 4431 962 4515 Sanctum
984 4434 1178 4516 Andream
1205 4433 1362 4517 includi.
1394 4433 1530 4543 Aquo
1556 4433 1761 4542 perductus
1779 4433 1851 4516 fuit

477 4730 511 4801 tt)
529 4731 666 4790 Alerber'm
676 4737 709 4791 in
722 4737 811 4806 Rutu,
825 4753 879 4796 non
892 4739 985 4813 procul
999 4755 1015 4796 a
1028 4739 1190 4812 Nordlingan
1201 4755 1297 4797 versus
1309 4739 1437 4797 orientem
1448 4755 1454 4810 ;
1469 4737 1540 4810 qood
1552 4743 1669 4795 castrum
1682 4737 1715 4796 ad
1727 4740 1849 4798 comitem

444 4823 476 4881 de
487 4826 631 4901 OEttingen
644 4833 805 4903 pertinebat.

479 4924 514 4998 (Ξ)
532 4925 716 4988 verisimiliter
726 4933 864 4990 Bertboldr'
876 4935 907 4991 de
922 4936 1100 4994 Tunoeamde.
