4859 6359
482 768 661 846 lantcr.10.]
932 766 1129 829 bistonio
1154 763 1445 827 DlPLOMllTlCrl.
1828 764 1888 825 907

481 902 527 974 ad
553 902 722 974 talliarum
754 901 957 973 solutionem
982 902 1154 976 interdum
1183 901 1297 975 clerici
1324 900 1574 995 compelluntur
1603 900 1639 969 iu
1665 897 1884 993 patrimonia-

481 1025 572 1097 libus
588 1025 645 1097 vel
662 1026 697 1097 iu
716 1024 841 1114 feudis,
857 1026 960 1097 realis
970 1026 1027 1098 vel
1045 1026 1234 1121 personalis
1247 1026 1391 1097 actionis
1409 1025 1544 1097 delectu
1561 1043 1631 1095 nou
1648 1022 1765 1095 habito
1781 1043 1886 1118 super

481 1149 544 1238 sis,
560 1148 627 1221 boc
641 1170 712 1223 non
726 1149 773 1221 ad
789 1169 913 1220 nornen
933 1149 1072 1242 injurie,
1090 1148 1213 1222 esdad
1225 1148 1315 1241 juris
1328 1148 1568 1221 executionem
1585 1147 1698 1243 potius
1713 1145 1886 1219 credimus

478 1272 731 1346 reducendum.
759 1275 798 1344 ln
827 1272 1005 1346 beneficiis
1027 1283 1143 1345 autem
1166 1272 1404 1345 ecclesiasticis
1429 1272 1486 1345 vel
1515 1269 1782 1365 obligationibus
1805 1291 1886 1343 con·

479 1398 596 1469 tractis
611 1398 658 1469 ab
674 1397 726 1469 sis
745 1398 842 1469 nulla
859 1398 1086 1492 permittimus
1111 1398 1254 1469 clericos
1270 1416 1384 1469 coram
1401 1396 1493 1468 civili
1508 1394 1639 1487 judicio
1659 1394 1885 1467 conventione

477 1520 612 1610 vexari,
630 1520 719 1593 adeo
734 1520 830 1613 quod
844 1530 961 1593 contra
979 1542 1039 1593 eos
1055 1522 1091 1591 in
1109 1521 1269 1593 civilibus
1285 1520 1487 1591 criminibus
1501 1518 1618 1613 etiam,
1632 1537 1702 1611 que
1719 1518 1882 1591 lesionem

478 1652 593 1716 nostre
610 1665 679 1715 uon
695 1645 871 1717 continent
893 1644 1090 1736 maJestatis,
1113 1665 1216 1739 super
1231 1644 1359 1738 quibus
1376 1641 1568 1715 secuudum
1585 1648 1742 1715 veterum
1767 1642 1882 1735 legum

477 1768 562 1839 scita
582 1768 695 1840 civilis
716 1768 845 1860 judicis
862 1768 1004 1851 deberet
1019 1788 1097 1841 esse
1114 1768 1277 1860 cognitio,
1303 1766 1502 1861 parcissime
1518 1768 1576 1858 jus
1600 1764 1746 1837 dicetur.
1770 1764 1827 1837 Sic
1850 1776 1885 1836 et

478 1890 513 1960 iu
536 1890 734 1985 provisione
757 1901 932 1983 pastorum
957 1891 1162 1963 vacantibus
1187 1891 1341 1963 ecclesiis
1368 1888 1540 1978 iacienda,
1566 1908 1628 1963 uos
1648 1888 1706 1980 jus
1728 1899 1882 1961 nostrum

476 2014 658 2107 antiquum
677 2015 778 2087 uobis
793 2015 839 2087 de
858 2016 938 2106 jure
953 2014 1190 2107 defendimus,
1212 2016 1248 2085 in
1269 2034 1340 2107 quo
1362 2014 1478 2086 inlerri
1494 2012 1593 2085 uobis
1610 2011 1771 2104 injuriam
1786 2012 1881 2083 nullo

476 2138 579 2210 modo
597 2139 654 2210 vel
671 2147 823 2233 tempore
848 2140 1015 2212 sustinere
1039 2161 1238 2234 possemus3
1263 2160 1332 2211 nou
1356 2139 1471 2210 minus
1495 2136 1656 2211 dedecori
1676 2158 1781 2230 quam
1807 2138 1883 2211 dis-

474 2262 603 2356 pendio
618 2271 817 2357 reputantes
840 2263 870 2334 si
887 2284 929 2335 eo
943 2263 1038 2357 quod
1063 2263 1360 2357 predecessoribus
1378 2262 1500 2336 uostris
1518 2262 1554 2333 in
1572 2282 1694 2354 reguo,
1712 2282 1801 2355 quos
1816 2284 1880 2335 uec
1906 2282 1909 2289 ⁴

474 2387 625 2478 potentie
651 2396 744 2458 tante
769 2388 944 2480 fastigium
966 2410 1031 2459 nec
1054 2388 1161 2461 decus
1184 2388 1271 2461 tanti
1296 2388 1444 2460 nominis
1470 2386 1677 2471 illustrabat,
1701 2387 1878 2459 toleratum

473 2528 536 2600 per
559 2509 746 2581 Ecclesiam
767 2510 882 2581 extitit
905 2510 961 2582 vel
988 2510 1174 2601 indultum,
1202 2531 1266 2583 nos
1292 2510 1416 2583 diebus
1440 2509 1564 2582 uostris
1587 2508 1797 2603 contingeret
1814 2508 1880 2581 de-

473 2629 638 2703 fraudari.
659 2632 798 2705 lllorum
823 2644 938 2705 autem
962 2634 1161 2706 officialium
1189 2634 1330 2706 nomino
1359 2656 1420 2727 per
1444 2654 1531 2727 quos
1554 2642 1702 2705 rectores
1728 2633 1881 2705 ecclesiis

472 2766 710 2848 preponuntur
743 2758 798 2829 vel
823 2757 984 2851 prepositi
1008 2758 1233 2852 repelluntur,
1264 2778 1398 2829 uecuou
1428 2767 1463 2828 et
1491 2756 1714 2828 ecclesiarum
1738 2757 1813 2829 loca
1842 2757 1877 2827 iu

471 2878 600 2971 quibus
617 2880 697 2952 talia
718 2890 971 2974 perpetrantur,
988 2881 1077 2952 scire
1099 2881 1244 2953 libenter
1268 2881 1435 2953 vellemus
1452 2902 1472 2950 a
1489 2880 1607 2967 vobis,
1629 2888 1667 2951 ut
1693 2889 1880 2974 transgres-

471 3001 603 3075 sionem
632 3004 785 3098 ipsorum
812 3026 903 3099 pena
929 3005 1083 3097 legitima
1109 3006 1331 3100 puniremus,
1351 3004 1416 3077 nisi
1439 3005 1580 3076 forsitan
1607 3005 1739 3099 perpeti
1759 3006 1880 3099 preju-

472 3123 603 3197 dicium
627 3126 813 3200 crederetis
835 3128 871 3197 iu
892 3126 960 3199 illis
977 3149 1124 3221 quarum
1139 3128 1286 3219 collatio,
1302 3128 1409 3201 veluti
1428 3128 1660 3223 cappellarum
1685 3138 1880 3203 nostrarum

471 3246 508 3318 iu
535 3250 656 3321 castris
681 3260 716 3322 et
741 3251 938 3323 civitatibus
968 3252 1067 3344 regni
1090 3252 1215 3342 nostri,
1245 3251 1425 3325 occasione
1455 3250 1560 3323 etiam
1584 3251 1731 3324 tertiaria
1764 3250 1880 3325 debite

470 3372 600 3467 capelle
624 3386 740 3447 nostre
762 3376 1016 3468 Panormitano,
1037 3376 1074 3446 in
1100 3376 1356 3449 cathedralibus
1373 3375 1527 3449 ecclesiis
1543 3375 1658 3449 Sicilie
1678 3385 1712 3450 et
1726 3375 1880 3450 Calabrie

470 3495 518 3569 ad
540 3519 604 3571 uos
620 3500 700 3591 jure
716 3498 813 3592 regio
831 3500 985 3572 noscitur
1012 3501 1196 3594 pertinere.
1227 3502 1265 3571 lu
1284 3500 1485 3573 vacantibus
1513 3507 1626 3572 autem
1646 3501 1800 3575 ecclesiis
1818 3523 1879 3575 va·

470 3619 583 3692 cantia
599 3619 768 3693 beneficia
781 3632 816 3694 et
834 3633 998 3695 vacatura
1016 3624 1237 3715 conferimus,
1256 3633 1356 3718 prout
1372 3644 1418 3695 ex
1437 3623 1602 3697 memoria
1617 3623 1796 3718 dignitatis
1815 3646 1877 3696 an·

469 3741 564 3835 tique
580 3745 817 3839 percepimus,
837 3768 943 3840 quam
965 3748 1084 3821 deberi
1102 3749 1203 3821 nobis
1222 3748 1257 3818 in
1275 3746 1437 3843 predictis
1454 3748 1608 3821 ecclesiis
1628 3747 1782 3823 fidelium
1800 3772 1878 3823 uos·

468 3873 598 3938 trorum
622 3869 816 3943 testimonia
840 3872 974 3965 liquido
996 3883 1237 3967 protestantur.
1257 3872 1506 3945 Abominamur
1524 3886 1678 3968 preterea
1699 3884 1743 3947 et.
1755 3876 1878 3970 punire

468 3989 686 4064 decrevimus
710 4015 909 4087 processum
936 3996 1070 4069 illorum
1094 3998 1156 4091 qui
1182 3995 1450 4091 predicationem
1477 3996 1642 4070 catholice
1659 3997 1740 4071 lidei
1757 3999 1794 4069 in
1807 4021 1878 4092 qua

466 4115 612 4209 nosipsi
637 4117 674 4187 iu
699 4127 817 4191 sancto
838 4120 1012 4214 proposito
1031 4121 1151 4194 vivere
1166 4128 1387 4215 peroptamus
1412 4129 1446 4191 et
1471 4122 1576 4209 mori,
1597 4132 1632 4193 et
1657 4120 1703 4195 de
1720 4121 1874 4195 subsidio

465 4238 569 4311 Terre
592 4240 715 4313 Sancte
737 4242 833 4335 quod
856 4245 982 4316 nostris
1002 4252 1055 4316 est
1075 4243 1228 4317 humeris
1245 4244 1428 4339 specialius
1449 4244 1669 4339 deputatum,
1692 4243 1873 4337 prepedlre

465 4372 677 4454 presumant.
700 4364 738 4435 lu
758 4376 905 4460 utroque
929 4376 1185 4457 verumtamen,
1209 4366 1293 4461 quia
1311 4366 1378 4439 sub
1398 4375 1557 4461 pretextu
1576 4366 1659 4437 liciti
1677 4366 1872 4459 frequenter

465 4483 620 4557 illicitum
636 4487 764 4581 agitur,
786 4492 901 4563 lutura
914 4491 1014 4563 nobis
1027 4501 1182 4586 etregno
1195 4488 1378 4585 dispendia
1399 4509 1637 4584 precaremus.
1658 4488 1795 4560 Illorum
1818 4496 1869 4561 et·

464 4608 556 4679 enim
568 4612 728 4706 exempla
744 4633 806 4684 nos
819 4623 945 4685 terrent
953 4615 1014 4709 qui
1026 4616 1206 4687 occasione
1219 4613 1462 4711 predicationis
1472 4610 1673 4703 hujusmodi
1686 4611 1722 4682 iu
1738 4610 1870 4684 detrac-

464 4728 591 4803 tionem
610 4736 716 4805 nostri
738 4734 889 4809 nominis
910 4738 1045 4832 liuguae
1065 4746 1258 4829 exacuunt,
1278 4748 1434 4809 catervas
1455 4736 1634 4809 homiuum
1661 4744 1871 4829 congregant

463 4855 530 4925 sub
544 4858 695 4951 vexillis,
719 4860 780 4953 qui
798 4860 884 4933 dum
902 4882 940 4934 se
959 4860 1229 4936 discordantium
1251 4861 1395 4935 arbitros
1409 4862 1553 4950 iaciunt,
1569 4859 1654 4935 dum
1672 4860 1785 4933 caveri
1803 4858 1869 4930 sibi
