4859 6359
576 763 637 826 666
1096 757 1268 821 lllllllllcl
1292 751 1461 820 salutm
1524 766 1531 802 ἰ
1803 757 1883 842 [Arm.
1901 761 1988 826 laet.

579 900 674 996 cipes
686 905 832 990 nostros,
848 897 895 970 ad
909 885 1018 994 pedes
1034 895 1223 992 imperialis
1233 891 1417 967 eminentie
1423 891 1588 965 misimus
1604 891 1739 986 iterato,
1761 895 1993 991 supplicantes

580 1021 804 1096 devotissime
818 1021 907 1117 patri
925 1030 1042 1096 nostro
1063 1029 1103 1094 nt
1119 1020 1313 1093 emulorum
1335 1029 1530 1090 nostmrnm
1551 1016 1716 1094 relatibus
1741 1017 1905 1091 credulus
1922 1041 1993 1093 nou

579 1147 733 1220 existens
749 1144 888 1217 tilielem
901 1144 1121 1217 devotionem
1134 1152 1308 1239 apatcme
1321 1139 1514 1214 dilectionis
1526 1140 1715 1233 gratianon
1728 1139 1912 1214 excludat.»
1922 1131 1993 1216 ileo

580 1272 677 1344 salva
695 1271 805 1365 gratia
823 1268 1031 1342 serenissimi
1046 1268 1154 1364 patris
1170 1266 1278 1340 nostri
1297 1265 1401 1338 scribi
1415 1263 1643 1338 lecimusnon
1661 1265 1698 1344 in
1711 1265 1855 1340 modum
1868 1267 1993 1362 queri-²

579 1394 694 1467 menie
705 1403 740 1466 et
757 1394 912 1487 querele,
934 1391 997 1466 scd
1014 1392 1194 1466 recitando
1206 1411 1250 1464 ea
1263 1390 1385 1464 leviter
1396 1399 1431 1462 ot
1449 1387 1495 1461 de
1512 1389 1635 1484 plano,
1662 1397 1822 1483 rogantes
1839 1389 1991 1462 attentis·

580 1518 666 1590 sime
684 1527 718 1589 et
735 1526 916 1589 mouentes
932 1514 1151 1610 prudentiam
1169 1526 1264 1587 tuam
1279 1513 1326 1586 de
1336 1534 1407 1607 qua
1424 1511 1655 1585 indubitatam
1673 1510 1835 1590 fiduciam
1849 1513 1993 1586 obtine-

580 1663 676 1733 mus,
697 1636 794 1736 quod
809 1651 846 1711 tu
862 1649 897 1713 et
908 1640 968 1713 olii
982 1640 1174 1735 principes,
1195 1659 1276 1710 cum
1291 1637 1474 1732 imperium
1485 1635 1637 1709 maxime
1649 1637 1812 1712 consistat
1826 1638 1861 1709 in
1877 1637 1989 1724 vohis,

581 1765 671 1838 detis
687 1763 871 1866 consilium
884 1773 1094 1861 oportunum
1112 1764 1260 1859 qualiter
1278 1762 1462 1858 imperium
1480 1769 1515 1835 et
1536 1759 1666 1835 subditi
1680 1763 1826 1858 imperio
1840 1763 1877 1834 in
1897 1771 1992 1835 tran-

581 1890 750 1982 quillitute
763 1899 798 1962 et
810 1910 895 1983 pace
907 1899 1148 1984 permaneant,
1166 1897 1202 1960 et
1211 1884 1310 1981 qnod
1324 1885 1563 1960 serenissimus
1575 1894 1800 1980 paternoster
1814 1894 1850 1960 ct
1863 1907 1927 1960 ros
1942 1886 1993 1958 sic

581 2035 645 2087 nos
660 2013 707 2086 ad
725 2013 877 2087 invicem
891 2013 1048 2086 habeatis
1057 2012 1154 2106 quod
1167 2033 1238 2084 non
1250 2012 1361 2084 solum
1375 2010 1441 2106 ipsi
1456 2019 1491 2083 et
1503 2010 1621 2102 vobis,
1638 2009 1703 2084 *sed
1717 2009 1993 2083 ctiemomnihus

582 2137 730 2210 subditis
750 2137 895 2232 imperio
919 2136 1021 2210 cedat
1038 2136 1085 2210 ad
1103 2135 1323 2208 commodum
1347 2143 1383 2208 et
1399 2132 1581 2224 honorem,
1612 2143 1647 2205 et
1663 2132 1862 2230 supplicetis
1878 2131 1992 2205 eidem

582 2283 653 2332 nna
665 2261 847 2333 nobiscum
859 2261 1036 2332 humiliter
1046 2270 1081 2332 et
1098 2260 1225 2332 devote
1236 2259 1333 2354 qnod
1347 2258 1512 2331 honorem
1523 2266 1690 2345 nostrum,
1707 2278 1812 2354 quem
1825 2255 1871 2330 de
1884 2257 1993 2350 gratia

581 2385 646 2457 Dei
659 2385 904 2480 omnipotentis
913 2395 949 2457 et
966 2405 1032 2457 sne
1044 2385 1173 2457 hahere
1182 2384 1408 2472 dinoscimur,
1420 2382 1459 2454 in
1466 2382 1562 2455 nullo
1574 2381 1808 2460 diminuatrel
1821 2383 1990 2454 immutet.

580 2510 686 2581 Novit
700 2529 787 2581 vero
804 2509 861 2582 ille
876 2510 937 2604 qui
955 2509 1042 2580 nihil
1057 2509 1196 2601 ignorat
1214 2517 1250 2580 et
1269 2507 1333 2603 qui
1351 2516 1520 2580 scrutator
1541 2505 1699 2580 cordium
1724 2513 1777 2580 est
1803 2516 1838 2578 et
1855 2525 1991 2596 rernm,

584 2643 754 2706 noverunt
768 2643 803 2705 et
816 2633 1020 2707 Alamannis
1041 2633 1215 2728 principes
1236 2632 1409 2722 universi,
1433 2631 1632 2728 specialiter
1656 2629 1705 2702 illi
1732 2629 1794 2723 qui
1819 2629 1997 2702 innostro

582 2759 781 2831 lateresunt
794 2757 1008 2850 frequenter,
1028 2757 1124 2851 quod
1136 2765 1317 2852 postquam
1333 2775 1355 2828 a
1369 2765 1485 2828 tenera
1497 2763 1591 2830 etate
1599 2755 1808 2828 recessimus
1826 2749 1888 2854 [et]
1906 2755 1995 2828 inter

583 2883 713 2955 honum
731 2891 766 2952 et
780 2881 929 2973 malum,
947 2901 1078 2975 equum
1099 2890 1135 2953 et
1152 2881 1329 2974 iniquum,
1355 2881 1488 2972 justum
1508 2889 1542 2952 et
1556 2881 1743 2974 injustum,
1763 2879 1946 2952 honecum
1960 2889 1996 2952 et

582 3006 698 3078 minus
712 3004 895 3079 honestum
915 3006 1112 3080 discernere
1133 3014 1350 3100 poteramus,
1369 3025 1548 3098 nunqnam
1563 3003 1698 3099 ahquid
1710 3023 1831 3080 eorum
1850 3003 1995 3078 lecimus

584 3151 632 3202 ex
645 3139 738 3204 certa
752 3131 895 3202 scientia
907 3131 964 3202 vel
977 3151 1024 3203 ex
1040 3131 1157 3203 animo
1169 3151 1241 3224 qno
1254 3128 1420 3202 deberent
1432 3139 1574 3225 paterno
1589 3128 1727 3205 affedui
1742 3127 1923 3226 displicere
1934 3135 1996 3202 aut

582 3253 684 3326 etiam
702 3275 773 3348 qno
790 3252 966 3327 offendere
979 3263 1120 3349 possent
1137 3254 1392 3348 imperatoriam
1408 3255 1642 3346 maiestatem·
1738 3269 1741 3297 ²

630 3379 757 3450 Datum
770 3378 867 3474 apud
884 3378 1105 3472 Eznelingen,
1127 3379 1172 3451 1v
1189 3399 1299 3452 nonas
1312 3378 1527 3476 septembris.

636 3915 716 3998 Rex
750 3912 948 3994 heinricus
980 3911 1193 3996 Boherdiee
1232 3920 1460 3995 conventum
1495 3913 1751 4022 quorumdam
1779 3912 1993 4024 principum

583 4047 737 4154 hebuit,
758 4045 825 4128 ubi
844 4073 867 4127 a
889 4043 1120 4156 quibusdam
1144 4044 1299 4128 nefariis
1327 4045 1530 4129 consilinm
1557 4047 1699 4156 accepit
1724 4056 1768 4130 ut
1798 4073 1839 4131 se
1865 4074 1994 4158 oppo-

583 4189 689 4264 neret
706 4179 923 4290 imperatori
941 4179 1041 4290 putri
1060 4204 1143 4262 suo.
1166 4179 1280 4278 Quod
1296 4189 1336 4261 et
1352 4177 1453 4262 iecit.
1475 4178 1572 4263 Nam
1591 4205 1638 4262 ex
1654 4191 1747 4262 tunc
1768 4183 1890 4291 coepit
1908 4180 1994 4264 sol-

583 4315 728 4397 licitare
741 4339 1014 4423 ,quoscumque
1035 4312 1160 4420 potuit
1180 4311 1315 4420 minis,
1335 4338 1445 4422 prece
1467 4321 1505 4395 et
1525 4313 1663 4422 pretio,
1694 4325 1737 4397 ut
1763 4313 1836 4399 sihi
1869 4315 1994 4398 assis·

583 4457 706 4529 terent
723 4456 856 4528 contra
881 4454 1051 4554 patrem,
1080 4455 1118 4526 el
1143 4469 1221 4527 non
1245 4471 1387 4553 paucos
1414 4445 1568 4529 invenit.
1592 4443 1751 4530 Gonnus.
1775 4447 1907 4532 Cenon.
1929 4475 1991 4558 up.

581 4580 772 4686 Boanum,
791 4587 939 4674 Fenus,
963 4587 993 4659 t.
1014 4577 1063 4683 ll,
1083 4603 1123 4686 p.
1145 4577 1817 4692 ooo.-Hocetismann0(1nel)
1837 4591 1921 4665 criu
1938 4594 1996 4665 est

582 4712 772 4796 discordia
789 4711 888 4792 inter
904 4711 1172 4819 imperatorem
1189 4719 1228 4796 et
1244 4709 1367 4794 filium
1386 4737 1500 4796 cunm
1518 4712 1736 4796 Heinrionm
1754 4739 1907 4824 regem,
1927 4715 1994 4826 qui

584 4844 751 4928 consiliis
780 4842 947 4952 paternis
984 4843 1223 4952 acquiescere
1257 4843 1417 4956 nolens,
1442 4843 1642 4930 manifeste
1673 4871 1714 4928 se
1740 4845 1775 4929 ei
1805 4871 1996 4958 opponere
