4859 6359
611 734 673 797 698
1085 797 1089 803 ,
1127 737 1299 800 lillNlthl
1323 739 1490 801 sepultat
1836 737 1914 822 [Ass.
1933 737 2017 800 123⁴.

616 868 827 952 sensionem
857 880 1031 952 mutuam
1063 873 1276 980 spondens,
1299 881 1529 982 protestatur
1556 871 1661 980 quod
1689 871 1958 979 promissiones
1977 863 2022 952 ⁴et

613 999 854 1110 juramenta,-
883 1002 935 1084 ad
964 999 1147 1085 honorem
1182 1005 1392 1114 majestatis
1422 1005 1549 1116 reffl'ae
1575 1013 1613 1086 et
1643 1001 1853 1112 specialiter
1883 1001 2021 1086 intuitu

618 1158 803 1242 personae
837 1159 929 1216 suaa
964 1133 1087 1243 lecte,
1134 1160 1334 1247 nunquam
1372 1137 1473 1221 ultre
1515 1138 1721 1219 instantem
1749 1133 2021 1256 necessitatem

616 1266 803 1348 extendet.

699 1479 795 1560 (Edit.
810 1497 859 1559 ap.
873 1482 1005 1546 Monam,
1018 1481 1113 1559 Boiu,
1126 1488 1201 1546 tom.
1215 1484 1313 1560 XXX,
1326 1499 1396 1564 pars
1415 1491 1454 1558 1¹,
1469 1500 1500 1560 p.
1515 1491 1588 1557 rte,
1601 1491 1636 1544 η’
1652 1490 1727 1556 m,
1739 1499 1778 1542 ex
1797 1480 1933 1560 ortgludl
1946 1479 2025 1542 uude

736 1588 867 1666 stgtllum
879 1589 966 1649 velda
975 1589 1089 1651 besum
1101 1590 1249 1668 appendet
1261 1607 1301 1652 ex
1312 1589 1372 1654 dlis
1385 1591 1484 1654 serlols
1497 1589 1581 1652 rubri
1593 1594 1623 1650 at
1635 1587 1765 1650 subdent
1776 1587 1889 1649 oclorls.
1902 1617 1942 1633 -·
1954 1584 2024 1648 bla-

736 1699 884 1756 moratum
896 1711 1015 1774 quoquo
1027 1711 1047 1758 u
1058 1695 1154 1758 Frlslo
1166 1711 1217 1774 ap.
1230 1696 1394 1772 enema,
1411 1693 1575 1760 amunta
1589 1713 1645 1756 cors
1662 1692 1786 1770 Wirsb„
1800 1712 1831 1772 p.
1849 1696 1933 1766 osa.)

667 1879 870 1971 Heinricus,
895 1880 959 1952 llei
985 1881 1095 1975 gretie
1121 1883 1352 1956 Romanorum
1382 1906 1447 1958 rex
1461 1892 1496 1956 et
1511 1905 1648 1978 semper
1675 1889 1865 1976 augustus,
1894 1880 2026 1953 dilectis

621 2001 783 2076 fidelibus
797 2003 872 2075 suis
889 2001 1033 2076 domino
1053 2005 1252 2079 Hermanno
1272 2007 1466 2082 venerabili
1492 2000 1672 2102 episcope,
1701 2003 1817 2077 Ottoni
1835 2004 2022 2100 preposito,

620 2125 774 2198 Amoldo
797 2125 929 2199 decano
954 2128 1087 2221 totique
1109 2131 1261 2224 capitulo
1285 2131 1422 2224 majoris
1440 2131 1584 2204 ecclesie
1607 2127 1864 2223 Herbipoleusis
1882 2127 2026 2221 gretiam

621 2271 719 2322 suam
736 2257 772 2322 et
787 2250 1048 2323 omnebonum.
1068 2250 1293 2346 Confioemur,
1318 2255 1550 2350 promittimus
1566 2261 1599 2326 et
1619 2251 1770 2349 presenti
1794 2250 1921 2347 pagina
1940 2271 2027 2344 pro-

619 2381 784 2445 testamur
798 2373 894 2467 quod
910 2373 1153 2467 promissiones
1167 2386 1200 2448 et
1212 2378 1408 2468 juramenta
1423 2399 1492 2472 que
1510 2373 1556 2450 ad
1569 2377 1736 2449 honorem
1751 2377 1786 2448 et
1800 2373 2027 2446 reverentiam

621 2497 716 2590 regie
729 2496 915 2588 majestatis
929 2507 964 2568 et
978 2497 1173 2592 specialiter
1184 2501 1310 2572 intuitu
1326 2521 1472 2597 persone
1484 2499 1770 2588 nostrebarones,
1792 2496 2028 2570 ministeriales

622 2627 658 2692 at
672 2619 766 2691 cives
780 2619 1044 2715 Horbipolenses
1057 2633 1249 2716 spontanee
1276 2627 1451 2698 voluntate
1477 2631 1512 2697 et
1528 2622 1715 2696 liberaliter
1730 2621 1935 2709 emiserunt,
1964 2639 2028 2692 noc

622 2741 739 2816 dolose
756 2743 813 2814 vel
829 2742 1066 2818 fraudulenter
1079 2747 1115 2818 ia
1129 2748 1295 2821 lesionem
1310 2750 1368 2822 vol
1386 2767 1572 2840 gravamen
1595 2747 1750 2844 ipsorum
1769 2745 1955 2840 petivimus
1972 2743 2029 2814 vel

622 2867 820 2962 accepimus
840 2888 906 2940 nec
921 2869 1027 2941 etiam
1041 2869 1210 2964 captiose,
1236 2893 1301 2945 uec
1318 2873 1531 2947 intendimus
1548 2873 1606 2944 vel
1631 2871 1793 2943 volumus
1814 2867 1938 2941 honori
1971 2874 2032 2940 aut

620 2991 851 3084 jurisdictioni
866 2995 1010 3066 ecclesie
1022 3003 1135 3070 vestro
1149 2997 1204 3069 vel
1220 3017 1338 3071 eorum
1354 3021 1416 3095 per
1431 2995 1585 3092 predicte
1603 2996 1639 3068 in
1654 2994 1771 3089 aliquo
1787 2991 1957 3086 derogari,
1967 3011 2032 3062 uec

624 3117 803 3189 occasione
816 3119 1002 3209 juramenti
1018 3121 1077 3192 vel
1092 3121 1329 3216 promissionis
1343 3125 1431 3197 lacte
1447 3122 1615 3213 collectis,
1634 3117 1907 3207 extorsionibus,
1924 3135 2031 3208 auga·

624 3241 685 3311 riis
701 3249 762 3312 aut
774 3240 987 3336 perangariis
1000 3253 1062 3316 eut
1076 3246 1316 3320 exactionibus
1330 3255 1390 3320 aut
1406 3247 1483 3321 aliis
1498 3245 1710 3342 quibuslibet
1721 3239 2033 3314 machinationibus

626 3385 691 3436 vos
706 3373 768 3436 aut
780 3365 874 3460 ipsos
888 3367 1112 3457 gravabimus
1127 3371 1184 3441 vel
1202 3370 1334 3444 turbari
1352 3369 1515 3444 volumus
1535 3369 1591 3442 vel
1608 3365 1797 3458 molestari,
1816 3385 1880 3436 nec
1898 3364 1934 3435 in
1951 3383 2034 3458 per-

627 3488 721 3560 sonis
733 3490 790 3562 vel
807 3490 842 3560 in
856 3489 961 3562 rebus
977 3493 1032 3565 vel
1040 3493 1178 3585 juribus
1192 3495 1316 3568 restris
1333 3514 1396 3568 vos
1412 3495 1468 3567 vel
1485 3495 1579 3590 ipsos
1592 3494 1630 3566 iu
1649 3492 1765 3586 aliquo
1785 3487 1960 3584 impediri.
1977 3487 2034 3558 lu-

629 3632 732 3705 super
748 3612 786 3683 iu
807 3614 969 3686 omnibus
990 3615 1027 3686 in
1044 3617 1172 3710 quibus
1186 3619 1288 3691 nobis
1302 3620 1497 3712 juramenta
1513 3627 1549 3692 et
1565 3617 1809 3714 promissiones
1827 3615 1914 3685 lacte
1935 3621 2032 3699 sunt,

630 3736 862 3828 promittimus
879 3759 943 3810 vos
965 3749 1000 3810 et
1015 3739 1106 3833 ipsos
1123 3743 1266 3834 juvare,
1285 3742 1471 3817 detondere
1486 3751 1521 3815 et
1541 3741 1700 3817 assistere
1718 3737 1882 3826 fideliter,
1908 3735 2036 3807 sicera

632 3859 733 3930 robis
745 3868 780 3932 et
795 3860 841 3933 ab
859 3862 945 3958 ipsis
962 3863 1116 3958 predicta
1128 3865 1291 3939 volumus
1307 3867 1502 3958 observari,
1526 3887 1591 3940 nec
1603 3863 1749 3939 ulterius
1762 3858 1965 3954 juramentis
1978 3859 2036 3930 vel

632 3983 916 4077 promissionibus
928 4007 988 4059 eos
1003 3989 1225 4081 gravabimus
1244 4013 1309 4064 nec
1324 4013 1366 4064 ea
1378 3991 1521 4063 ulterius
1536 3999 1712 4086 potemus;
1733 3987 1781 4058 ita
1798 3981 1894 4078 quod
1913 4003 1955 4055 ea
1977 4001 2037 4075 per

635 4108 914 4200 consequentium
935 4131 999 4206 pro
1014 4113 1265 4186 cousuetudine
1282 4115 1352 4189 ullo
1369 4113 1474 4188 modo
1496 4114 1696 4208 exigamus,
1723 4107 1786 4182 sed
1803 4129 1844 4181 ea
1866 4106 1957 4178 ultre
1977 4101 2038 4175 in-

635 4237 783 4303 stantem
800 4232 1036 4307 nocossitatem
1054 4235 1198 4310 asmodi
1220 4238 1381 4312 volumus
1404 4239 1475 4311 ullo
1495 4237 1611 4311 modo.
1637 4233 1840 4329 Recepimus
1855 4228 1958 4303 etiam
1975 4246 2038 4297 vos

634 4373 715 4423 cum
731 4352 894 4426 universo
917 4355 1008 4428 clero
1022 4365 1156 4448 vestro,
1175 4359 1343 4452 baroues,
1374 4360 1612 4433 ministeriales
1629 4367 1665 4431 et
1688 4357 1782 4429 cives
1801 4360 1934 4426 vestros
1958 4349 2040 4421 uui-

635 4496 754 4548 versos
770 4485 804 4549 et
826 4478 982 4571 singulos
997 4480 1064 4552 snb
1083 4491 1232 4556 nostram
1257 4484 1499 4577 protectionem
1521 4493 1556 4557 et
1577 4481 1727 4577 graciam
1745 4475 1947 4575 specialem
1976 4492 2038 4543 vo·

636 4599 745 4672 lentes
754 4599 835 4692 jura
852 4603 995 4675 ecclesie
1007 4613 1121 4678 vestre
1138 4615 1173 4679 et
1185 4606 1360 4681 libertates
1382 4609 1427 4681 ab
1454 4608 1597 4702 antiquo
1612 4624 1793 4678 concessus
1808 4609 1843 4672 et
1858 4593 2041 4694 privilegia

637 4723 684 4796 eb
701 4726 973 4798 antecessoribus
987 4730 1157 4804 nostriset
1172 4753 1193 4803 a
1209 4732 1308 4804 nobis
1319 4733 1459 4805 obtenta
1471 4741 1507 4807 et
1524 4733 1559 4803 in
1569 4739 1744 4828 postorum
1759 4722 1960 4810 obtinenda,
1979 4719 2041 4790 in-

638 4846 842 4920 violabiliter
856 4849 1052 4924 observare.
1072 4852 1284 4946 Adjicientes
1299 4854 1394 4951 quod
1409 4857 1503 4930 cives
1521 4855 1559 4928 in
1572 4851 1777 4946 Wiroeburg
1796 4857 1911 4922 nosue
1933 4841 2042 4939 gratia
