4859 6359
588 751 650 822 '186
1090 753 1309 828 salutate!
1331 751 1506 822 sscitant
1810 751 1893 832 [aar.
1909 751 2000 820 lass.

590 884 747 970 4444444404
779 894 815 964 et
844 886 972 966 futuris
1003 889 1166 972 volumus
1191 912 1269 972 essa
1297 899 1420 970 notam
1451 885 1550 983 quod
1575 885 1767 966 ltnodottus
1795 886 2002 966 venmabitia

591 1009 701 1090 abbas
719 1009 914 1102 lisiacensis,
931 1010 1077 1096 dilectus
1092 1013 1205 1096 tidelis
1221 1025 1349 1107 4404444,
1365 1012 1587 1112 privilegium
1601 1010 1780 1108 quoddam
1795 1011 2003 1090 monasterio

593 1156 658 1216 suo
674 1133 849 1211 indultum
864 1157 887 1214 a
904 1135 1005 1214 nobis
1020 1147 1174 1238 tompore
1187 1141 1287 1237 regni
1305 1138 1414 1218 004444
1430 1147 1547 1216 004444
1559 1135 1757 1216 celsitudini
1771 1136 1999 1232 presentavit3

593 1257 792 1354 supplicans
807 1266 846 1334 ut
861 1257 949 1340 illud
963 1259 1144 1356 innovare,
1162 1273 1197 1346 at
1216 1286 1288 1361 qua
1306 1261 1573 1342 contuebantur.
1593 1260 1725 1356 inipso
1737 1257 1942 1338 confirmare
1956 1257 2003 1338 de

593 1389 713 1458 nostra
728 1379 952 1476 dignaremur
966 1385 1092 1479 gratias
1116 1388 1218 1480 cujus
1233 1398 1332 1464 44004
1348 1395 1403 1465 cst
1415 1407 1480 1482 044
1495 1384 1613 1463 omnia
1628 1383 1733 1462 talias

642 1503 817 1602 (Sequitur
836 1506 877 1584 444
899 1507 995 1586 cerie
1013 1509 1061 1582 cd
1077 1511 1211 1590 4444444444
1223 1511 1437 1607 0444404044
1451 1507 1548 1608 apud
1565 1509 1714 1598 Ulmum,
1735 1509 1784 1586 44)
1802 1505 2005 1604 septembris

593 1649 686 1711 4000
702 1629 798 1708 csta
816 1630 945 1726 44044444,
962 1633 1164 1728 0004444040
1177 1635 1404 1726 sodidum,
1426 1643 1453 1712 4.
1469 1634 1499 1727 4,
1513 1656 1550 1730 p.
1569 1631 1674 1729 5544.)

643 1753 714 1832 Nos
733 1753 838 1848 igitur
860 1755 1076 1836 attendentes
1103 1757 1208 1838 fidam
1235 1768 1272 1838 et
1297 1758 1518 1838 devotionem
1534 1757 1645 1854 ipsius
1667 1756 1804 1834 abbatis
1827 1775 1934 1852 quam
1959 1753 2004 1830 ad

595 1877 834 1958 celsitudinem
863 1889 1015 1960 nostram
1041 1881 1167 1976 habet,
1186 1885 1261 1962 suis
1287 1883 1600 1980 supplicationibus
1620 1880 1794 1972 inclinati,
1813 1878 2004 1975 predictum

596 1999 820 2096 privilegium
835 2001 868 2082 44
884 2023 906 2076 0
925 2003 1025 2084 nobis
1038 2003 1227 2104 indultum,
1242 2007 1393 2104 presenti
1405 2005 1590 2104 privilegio
1610 2003 1658 2082 da
1671 2003 1781 2082 verbo
1794 2001 1845 2080 ad
1860 2001 2005 2080 verbum

594 2121 763 2218 jussimus
784 2123 906 2218 inseri,
926 2127 1043 2206 omnia
1065 2151 1137 2225 qua
1158 2129 1379 2209 mutinsntur
1398 2130 1438 2208 ia
1458 2149 1502 2208 eo
1526 2137 1643 2208 004444
1658 2125 1871 2206 auctoritatis
1889 2123 2004 2200 muni·

597 2244 693 2326 mine
721 2245 973 2342 mutirmantos.
1001 2251 1192 2332 statuimus
1213 2253 1321 2347 igitur
1341 2263 1378 2332 st
1392 2251 1562 2350 imperiali
1584 2251 1758 2330 sancimus
1785 2248 1902 2328 adico
1919 2267 2006 2342 qua·

597 2368 692 2448 tinus
715 2371 811 2450 uuila
837 2394 1001 2472 0444004,
1025 2377 1097 2455 alta
1119 2377 1178 2456 vol
1203 2377 1365 2468 humitis,
1387 2375 1620 2456 acdcsiastiea
1640 2373 1700 2453 vel
1719 2372 1906 2463 secularis,
1929 2391 2007 2467 pra·

597 2493 731 2574 ditium
748 2498 1190 2586 ΙΙ1014484ῐί444.4444444444
1206 2511 1244 2582 44
1260 2522 1481 2582 sumassores
1500 2500 1578 2593 ejus
1599 2519 1704 2596 super
1722 2495 1887 2595 predictis
1907 2494 2008 2570 bonis

599 2626 718 2693 contra
734 2621 902 2716 presentis
921 2623 1092 2720 privilegii
1111 2625 1221 2699 nostri
1242 2633 1397 2701 tenorem
1418 2647 1509 2698 ausu
1526 2622 1708 2700 4440440440
1725 2620 1909 2699 4004444440
1930 2638 2008 2714 044·

598 2751 726 2818 sumat.
758 2743 860 2830 Quod
890 2747 952 2842 qui
984 2749 1232 2846 presumpserit
1259 2759 1374 2848 preter
1402 2749 1677 2843 indignationem
1710 2745 1819 2820 nostri
1850 2743 2009 2818 culminis

598 2887 704 2962 quarn
722 2867 886 2964 incurret,
902 2878 1041 2945 centum
1056 2873 1163 2948 libras
1179 2874 1255 2948 auri
1267 2876 1347 2974 puri
1362 2882 1563 2972 componat,
1578 2869 1764 2948 medietate
1778 2867 1863 2942 44400
1878 2877 2006 2961 004440,

598 2983 732 3086 reliqua
760 2991 854 3067 dicto
877 2997 1084 3071 monasterio
1109 2997 1353 3095 persolvenda.
1379 2998 1423 3072 Ut
1443 3005 1560 3070 autem
1577 2993 1645 3068 hec
1664 3003 1782 3068 004444
1798 2990 2010 3066 confirmatio

600 3113 708 3188 robur
719 3125 885 3212 perpetue
901 3117 1070 3206 firmitatis
1087 3119 1252 3214 obtineat,
1270 3143 1410 3218 presens
1425 3118 1646 3216 privilegium
1667 3113 1744 3190 fieri
1767 3113 2011 3189 mandavimus

600 3247 636 3320 ot
652 3237 770 3340 sigilla
785 3242 974 3344 mejestatis
990 3253 1106 3324 004440
1118 3245 1287 3346 jussimus
1303 3243 1521 3324 communiri.
1592 3344 1598 3354 ·

649 3361 717 3462 ij
721 3384 762 3437 ⁰⁸
776 3363 825 3438 rei
840 3374 943 3446 444444
958 3375 1040 3448 suut
1067 3365 1183 3448 dilecti
1206 3367 1379 3464 principes
1395 3363 1603 3446 venerabilis
1620 3360 2013 3444 absurdissimum·

601 3485 720 3582 gensis
744 3485 1041 3594 archiepiscopus,
1064 3492 1101 3568 S.
1126 3490 1384 3594 Rausponeusia
1407 3492 1592 3594 episcopus
1617 3485 1805 3590 impendis
1832 3483 1913 3562 4044
1929 3503 2012 3560 cen·

603 3609 780 3702 cellarius,
802 3609 935 3685 Sibetto
954 3610 1182 3710 Augustensis
1199 3615 1383 3712 episcopus
1405 3612 1477 3711 (4),
1494 3613 1596 3685 irater
1614 3611 1833 3683 Hermannus
1853 3606 2014 3702 magister

605 3731 733 3815 domus
757 3735 880 3814 Sancte
897 3734 1006 3814 444444
1025 3735 1334 3831 Τ444040040040444,
1355 3790 1420 3812 ...
1439 3735 1551 3814 abbas
1566 3732 1684 3808 8440044
1703 3729 1942 3834 4440404400οἰ,
1967 3729 2009 3804 0.

606 3855 683 3932 dns
698 3858 869 3950 Bawaris,
888 3859 932 3932 H.
950 3859 1151 3957 langravius
1164 3863 1344 3958 Turingie,
1364 3881 1480 3935 eomes
1494 3859 1669 3964 palatinus
1683 3855 1847 3949 Saxonis,
1863 3856 1908 3926 44.
1925 3874 2015 3926 4044·

607 3979 749 4054 dhiode
766 3981 897 4076 Baden,
916 3983 954 4057 C.
973 3983 1180 4060 burcravius
1195 3985 1241 4060 de
1251 3985 1496 4077 Nnorembsrc,
1515 3994 1550 4058 et
1566 3981 1627 4057 alii
1643 3981 1878 4080 quamplures.

655 4104 802 4200 Signum
823 4105 953 4182 domini
972 4107 1136 4184 Frideriei
1153 4109 1312 4203 secundi,
1329 4109 1393 4182 Dei
1415 4109 1526 4204 gratia
1544 4103 1761 4180 invictissimi
1785 4103 2016 4175 Romanorum

609 4230 825 4334 imperatum
837 4253 974 4332 4440004
988 4234 1141 4332 augusti,
1160 4234 1348 4314 ierusalem
1365 4241 1400 4316 et
1414 4232 1530 4314 Sicilia
1543 4230 1649 4327 ragis
1665 4226 1956 4324 (44400040οΜ.)

658 4355 746 4438 sca
760 4365 842 4436 sunt
857 4355 923 4440 hec
939 4379 1032 4437 0000
1052 4357 1228 4436 dominice
1244 4357 1490 4440 incarnationis
1504 4354 1688 4434 millesime
1700 4350 1938 4434 ducsntcsiuso
1951 4345 2019 4424 tri·

648 4689 684 4761 (4)
703 4689 775 4747 Hinc
790 4693 970 4766 comperimus
987 4693 1185 4768 Augautensem
1201 4694 1371 4770 episcopum,
1383 4706 1466 4771 quarn
1485 4705 1586 4772 440004
1597 4689 1712 4752 Romam
1731 4689 1875 4746 4400044404
1892 4687 2019 4757 tanquam

615 4785 768 4846 rebellionis
789 4787 895 4854 44404444
916 4790 988 4864 regis
1004 4790 1139 4850 fautorem
1158 4789 1274 4849 vidimus
1294 4790 1387 4867 4440.
1401 4791 1455 4848 044
1472 4791 1501 4846 44
1516 4787 1595 4862 m),
1613 4801 1686 4845 nunc
1707 4785 1737 4844 in
1753 4781 1830 4842 044440
1851 4776 2020 4854 imperatoris

616 4889 767 4954 4444444440
779 4885 957 4952 vammum
970 4888 999 4950 in
1013 4887 1127 4962 44444404
1138 4888 1198 4962 eiua
1211 4885 1295 4947 aaa·
1306 4902 1413 4966 quaque
1425 4891 1575 4961 receptam.
