4859 6359
347 761 449 826 lmus.
464 759 510 838 9.]
799 757 998 824 ntsronta
1020 759 1312 826 blenollltllct.

571 1013 1547 1032 mum-nam

403 1271 639 1378 ludamus,
663 1270 925 1354 Romanorum
949 1269 1168 1378 imperetur,
1187 1269 1353 1378 priorem
1377 1281 1416 1354 et
1435 1281 1664 1355 conventum
1685 1296 1757 1356 ec-
1926 1365 1937 1390 ‚

349 1401 488 1485 elesino
503 1403 732 1486 Sanctomm
749 1400 849 1484 Petri
871 1407 909 1482 et
925 1401 1034 1485 Pauli
1056 1401 1158 1510 apud
1171 1399 1388 1514 llirgisbcrg
1411 1402 1643 1487 indistricto
1659 1403 1758 1486 Ber·
1901 1400 1924 1434 ⁰·

350 1533 476 1641 sensi,
497 1531 570 1616 sub
584 1531 772 1642 imperiali
791 1533 1020 1642 protectione
1037 1533 1181 1644 recipit.
1765 1542 1768 1550 “

431 1744 532 1824 (nott.
547 1761 596 1826 ap.
612 1743 784 1812 mmm.
805 1743 1015 1820 werlencus,
1030 1763 1101 1812 ann.
1121 1755 1215 1825 1⁸2⁷,
1233 1763 1267 1826 p.
1281 1757 1354 1824 tn,
1366 1757 1401 1810 n·
1415 1756 1470 1827 δὴ
1489 1747 1556 1812 eelt
1569 1763 1640 1812 sum
1651 1749 1759 1812 trou-

470 1849 612 1914 moade
629 1850 662 1916 Ia
680 1850 943 1928 munla-nonu,
957 1853 1070 1916 collect.
1085 1853 1181 1932 Droz,
1199 1855 1232 1916 lu
1244 1852 1321 1916 Blbl.
1344 1855 1451 1934 tnpe.
1469 1855 1584 1931 Paris,
1598 1859 1624 1918 t.
1642 1854 1758 1932 xtm,

469 1957 522 2020 tol.
537 1965 575 2019 to
590 1975 686 2042 veno,
701 1967 739 2021 to
751 1965 844 2038 recto,
855 1975 894 2022 cx
906 1960 986 2024 areb·
999 1958 1152 2042 Beruensl,
1167 1959 1219 2021 llb.
1233 1962 1313 2039 slgn.
1327 1961 1367 2042 D,
1381 1957 1425 2039 a.)

398 2143 613 2241 widericus,
633 2146 695 2218 llei
710 2146 819 2241 gratia
841 2146 1074 2218 Romanorum
1092 2145 1279 2242 imperator
1293 2166 1428 2242 semper
1446 2155 1632 2241 angustus,
1656 2147 1760 2220 leru-

350 2269 458 2344 salem
474 2275 512 2343 et
526 2267 642 2341 Sicilie
657 2289 734 2342 rex.
757 2269 822 2342 Per
844 2287 985 2364 presens
1001 2269 1165 2364 scriptum
1191 2277 1310 2342 notum
1327 2269 1474 2343 tacimns
1494 2269 1666 2343 universis
1687 2270 1758 2344 im·

353 2393 439 2488 perii
461 2391 624 2466 fidelibus
647 2401 717 2466 tam
734 2392 951 2487 presentibus
977 2413 1083 2486 qnam
1110 2392 1235 2466 futuris
1259 2391 1356 2487 qnod
1379 2393 1585 2466 venerabilis
1608 2393 1703 2488 prior
1722 2403 1758 2466 et

352 2527 541 2590 conventus
557 2515 702 2590 ecclesie
718 2517 919 2588 Sanctorum
936 2515 1026 2588 Petri
1043 2523 1078 2588 et
1091 2517 1188 2588 Pauli
1204 2517 1242 2588 in
1256 2517 1488 2612 lluglresperc,
1503 2515 1622 2590 fideles
1633 2517 1754 2605 nostri,

353 2639 546 2713 celsitudini
574 2647 689 2712 nostre
713 2638 888 2712 humiliter
912 2639 1150 2734 supplicarunt
1175 2647 1216 2711 ut
1242 2641 1353 2734 ipsos,
1380 2639 1562 2714 ecclesiam
1588 2639 1698 2735 ipsam
1721 2647 1758 2712 et

353 2772 464 2836 cetera
485 2762 576 2836 bona
598 2783 717 2836 eorum
739 2761 806 2834 snb
829 2771 1001 2836 nostrast
1026 2762 1161 2858 imperii
1183 2762 1393 2857 protectione
1416 2761 1567 2856 recipere
1591 2763 1758 2856 dignare-

353 2909 442 2958 mur.
474 2887 545 2960 Nos
581 2885 687 2979 igitur
715 2885 789 2958 suis
822 2885 1131 2981 supplicationibus
1163 2884 1351 2978 benignius
1380 2885 1554 2976 inclinati,
1585 2883 1758 2980 predictos

352 3009 500 3105 priorem
518 3017 552 3082 et
567 3016 788 3099 conventum,
809 3008 989 3082 ecclesiam
1005 3020 1040 3079 et
1056 3009 1171 3081 omnia
1183 3008 1275 3079 bona
1288 3029 1352 3080 ena
1364 3028 1434 3101 que
1446 3008 1482 3078 in
1500 3008 1650 3104 presenti
1663 3009 1757 3098 juste

353 3140 468 3206 tenent
483 3141 519 3206 et
541 3130 721 3230 possident
739 3139 775 3206 et
791 3131 827 3204 in
853 3139 953 3206 aulea
971 3138 1131 3228 poterunt
1153 3129 1320 3228 adipisci,
1340 3131 1408 3204 sub
1431 3139 1600 3206 nostrast
1617 3131 1756 3230 imperii

352 3257 559 3354 pmtcctione
572 3257 765 3352 recepimus
779 3256 941 3352 speciali;
961 3256 1174 3332 universitati
1189 3265 1304 3332 vestre
1315 3254 1540 3358 precipiendo
1556 3256 1759 3334 mandantes

352 3381 515 3479 quatinus
535 3381 650 3456 nullus
671 3381 715 3456 sil
730 3381 792 3477 qui
811 3380 950 3458 eosdem
967 3381 1116 3480 priorem
1139 3391 1173 3456 et
1190 3390 1418 3474 conventum,
1437 3381 1618 3458 ecclesiam
1640 3391 1675 3456 ot
1691 3382 1760 3456 alia

353 3504 444 3578 bona
458 3526 522 3578 sua
538 3514 654 3578 contra
670 3505 837 3601 presentis
852 3503 1069 3600 protectionis
1085 3513 1198 3578 nostre
1212 3513 1364 3578 tenorem
1376 3511 1503 3580 emere
1521 3501 1687 3604 impediat
1700 3505 1759 3578 vel

352 3629 519 3702 molestet.
545 3625 601 3700 Ad
623 3628 723 3720 cujus
748 3626 968 3724 protectionis
986 3635 1099 3700 nostre
1123 3627 1323 3700 memoriam
1346 3636 1381 3699 et
1402 3625 1590 3719 cautelam,
1615 3648 1759 3722 presens

353 3750 517 3846 scriptum
543 3748 610 3823 sibi
636 3747 709 3823 lieri
733 3757 768 3822 et
785 3747 899 3844 sigillo
915 3749 1101 3842 majestatis
1118 3759 1235 3823 nostre
1243 3749 1412 3844 jussimus
1430 3748 1600 3845 insigniri.

399 3874 525 3946 Datum
553 3871 649 3968 apud
678 3873 896 3967 Hagenowc,
931 3893 1023 3946 anno
1060 3871 1232 3947 dominice
1261 3871 1503 3946 incarnationis
1530 3871 1755 3964 nocam,

353 4016 470 4070 meuse
480 3995 646 4088 ianuarii,
662 4017 753 4070 none
765 3994 979 4072 indictionis.

583 4300 1537 4320 mamm-W

404 4569 636 4682 ludeslene,
661 4573 920 4660 Romanorum
943 4574 1167 4686 imperator,
1191 4575 1242 4658 nd
1267 4575 1486 4685 petitionem
1506 4571 1690 4658 lobannis
1709 4573 1761 4657 de
1799 4568 1927 4676 adlit·

353 4699 655 4818 laudemburg,
682 4706 813 4792 omnis
838 4705 940 4794 bona
962 4715 1000 4794 ct
1019 4707 1110 4820 jure
1137 4718 1342 4820 questam
1366 4707 1408 4788 in
1436 4707 1547 4820 aquis
1574 4730 1691 4820 qnam
1717 4707 1760 4792 in
1810 4675 1927 4722 ‘'m‘'

354 4837 464 4920 terris
481 4837 664 4922 hactenns
680 4837 744 4923 hio
760 4840 929 4951 legitime
947 4841 1086 4950 tenuit,
1107 4841 1230 4924 eidem
1248 4838 1460 4924 confirmat.
