4859 6359
461 833 560 894 borcr.
575 829 621 911 9.]
908 821 1106 888 HISTORIA
1129 823 1421 892 ulatottaatctt
1811 827 1873 891 '185

460 976 561 1041 uocet
577 975 639 1042 aut
654 967 691 1040 in
709 963 773 1056 eis,
794 952 891 1059 quod
908 961 1015 1052 absit,
1035 961 1141 1034 robur
1155 971 1274 1037 sancte
1289 963 1566 1038 conversacionis
1585 964 1763 1059 infringat.
1782 961 1869 1038 Cum
1982 969 1987 976 '

461 1089 565 1184 igitur
584 1088 730 1164 ecclesia
751 1087 789 1160 in
810 1085 993 1178 Kizingen‚
1013 1084 1103 1158 sieut
1118 1085 1371 1182 intelleximus,
1386 1088 1534 1183 agitetur
1558 1085 1729 1183 pressuris
1752 1086 1870 1160 multi·

461 1211 608 1307 plicibus
631 1222 666 1287 et
691 1209 839 1286 diuersis
861 1208 1122 1305 gravaminibus
1148 1208 1304 1285 indebite
1330 1213 1555 1310 opprimatur,
1581 1210 1736 1286 volentes
1761 1209 1796 1283 ci
1821 1231 1869 1285 ex

461 1343 623 1408 consueta
651 1343 768 1408 nostre
799 1329 1015 1406 celsitudinis
1044 1331 1234 1406 clemencia
1260 1334 1459 1429 providere,
1489 1333 1669 1408 ecclesiam
1692 1333 1803 1430 ipsam
1826 1353 1869 1406 ac

463 1455 622 1532 dilectam
648 1457 749 1531 nobis
775 1455 813 1528 in
835 1453 967 1528 Christo
991 1453 1200 1528 abbatissam
1224 1477 1267 1529 ac
1296 1465 1425 1532 ceteras
1447 1456 1604 1550 eiusdem
1625 1457 1771 1531 ecclesie
1789 1477 1869 1553 per·

462 1599 560 1654 sonas
577 1603 658 1654 cum
674 1579 838 1654 omnibus
863 1577 1139 1675 possessionibus
1161 1600 1204 1652 ae
1225 1579 1327 1654 bonis
1348 1603 1419 1676 que
1446 1581 1483 1654 in
1512 1580 1761 1678 presentiarum
1775 1580 1870 1674 iuste

463 1711 578 1780 lenem
602 1712 638 1779 et
664 1702 843 1800 possident
869 1702 993 1776 autin
1023 1702 1178 1775 futurum
1202 1704 1296 1796 justo
1316 1703 1554 1800 acquisitionis
1580 1704 1679 1776 titulo
1708 1711 1869 1799 poterunt

463 1825 620 1924 adipisci,
639 1827 706 1902 sub
724 1836 838 1902 nostra
856 1836 892 1900 et
907 1826 1043 1922 imperii
1063 1825 1203 1922 speciali
1217 1828 1410 1924 recepimus
1424 1828 1646 1925 protectione.
1662 1826 1868 1902 Mandantcs

464 1958 497 2024 ct
524 1949 667 2026 firmiter
695 1947 921 2048 precipientes
948 1958 1121 2046 quatenus
1150 1953 1268 2026 nullus
1293 1952 1339 2026 sit
1358 1951 1420 2048 qui
1445 1951 1575 2026 dictam
1601 1951 1781 2026 ecclesiam
1807 1960 1869 2026 ant

464 2095 625 2170 personas
643 2075 775 2150 ibidem
793 2075 940 2152 Domino
958 2075 1161 2150 famulantes
1179 2076 1215 2148 in
1234 2077 1509 2174 possessionibus
1524 2086 1560 2151 et
1578 2077 1679 2150 bonis
1699 2076 1773 2150 suis
1788 2096 1869 2172 pre·

464 2206 574 2270 sumat
599 2206 728 2272 temere
753 2197 946 2272 molestare.
976 2196 1078 2284 Quod
1102 2198 1165 2294 qui
1187 2201 1436 2298 presumpserit
1461 2199 1738 2296 indignacionem
1761 2197 1869 2272 nostri

466 2319 621 2395 culminis
655 2343 694 2396 se
723 2321 856 2396 nouerit
890 2321 1122 2396 incursurum.
1151 2320 1208 2395 Ad
1234 2322 1340 2417 hujus
1361 2325 1479 2420 itaque
1510 2332 1624 2398 nostre
1646 2321 1869 2421 protectionis

466 2443 679 2538 memoriam,
700 2466 841 2542 presens
857 2444 1022 2542 scriptum
1041 2443 1116 2519 fieri
1144 2453 1179 2518 et
1193 2445 1307 2540 sigillo
1328 2456 1444 2522 nostro
1459 2447 1628 2542 jussimus
1647 2446 1867 2520 communiri.

509 2567 595 2642 Dato
619 2568 791 2664 Auguste,
818 2589 910 2642 annu
933 2567 1106 2643 dominice
1120 2569 1364 2646 incarnationis
1380 2571 1500 2646 blec·
1509 2571 1662 2664 xxxvc,
1682 2591 1870 2646 menseuc·

465 2689 582 2784 tubris,
605 2713 697 2766 none
711 2691 922 2768 indictionis.

513 3312 748 3423 Fridericus‚
775 3317 1036 3406 Romanorum
1079 3324 1300 3436 imperator,
1336 3325 1563 3439 liudolpho,
1590 3330 1720 3416 abbati
1759 3334 1870 3420 Fau·
1910 3407 1928 3452 p

465 3447 590 3554 censi,
617 3449 858 3561 privilegium
895 3479 997 3540 annc
1031 3457 1135 3540 1219
1170 3456 1469 3574 (verius1218)
1496 3488 1611 3574 super
1635 3468 1871 3556 restitutione

461 3579 677 3686 provinciae
694 3581 879 3671 Aschowe
895 3612 919 3669 a
936 3612 977 3670 se
993 3588 1202 3698 indultum,
1221 3591 1441 3678 innovando
1457 3595 1671 3681 confirmat.

541 3793 636 3870 (Edlt.
651 3813 701 3875 ap.
717 3797 850 3862 Momm.
863 3801 957 3883 Boin,
971 3809 1044 3866 tum.
1059 3803 1156 3880 XXX,
1169 3823 1201 3884 p.
1217 3815 1370 3884 ata-tn,
1383 3825 1468 3872 num.
1481 3783 1695 3892 bcumvi,
1707 3832 1747 3878 ex
1760 3819 1866 3898 crlgln.

576 3904 608 3962 ln
627 3903 748 3966 areblvu
763 3907 896 3970 cathedr.
915 3909 1162 3991 August.;cu1us
1178 3915 1309 3994 stgtllum
1327 3918 1430 3994 perlit,
1448 3921 1670 3983 remanentlbus
1680 3928 1798 3986 tantum
1810 3925 1871 3988 tilla

577 4009 679 4194 m
699 4011 782 4178 rpblrp
805 4013 1144 4200 {clffi'blcmumtum
1165 4037 1286 4101 quoquc
1306 4024 1339 4084 ln
1357 4021 1481 4100 Bnnurr,
1504 4023 1603 4090 dect
1627 4026 1681 4088 der
1697 4029 1795 4093 Bircd.
1813 4050 1870 4094 ouo

677 4157 699 4190 .,
729 4159 737 4177 .
782 4159 793 4192 ,
831 4161 840 4178 .
917 4163 924 4181 .

507 4295 548 4370 ln
575 4300 717 4374 nomine
744 4313 862 4380 sancte
883 4316 919 4380 et
937 4307 1121 4385 individue
1142 4311 1328 4387 Trinitatis.
1352 4315 1564 4408 Fridericus,
1589 4319 1708 4394 divina
1732 4323 1870 4399 favente

458 4419 638 4496 clementia
660 4425 890 4502 Romanorum
912 4432 1096 4529 imperator
1119 4458 1256 4535 semper
1280 4450 1468 4530 augustus,
1490 4442 1677 4516 Jerusalem
1698 4455 1733 4517 et
1755 4448 1869 4524 Sicilie

458 4563 535 4616 rex.
549 4545 739 4642 lmperialia
756 4553 942 4629 eminentia
962 4565 1045 4630 tunc
1060 4561 1225 4657 precipue
1246 4563 1394 4636 nominis
1409 4564 1464 4635 sui
1480 4564 1596 4638 titulos
1608 4568 1765 4665 ampliat,
1787 4593 1868 4645 cum

458 4663 579 4741 divine
606 4670 745 4766 pietatis
772 4675 919 4772 intuitu,
944 4701 1008 4774 per
1033 4704 1137 4778 quam
1167 4694 1282 4780 praest
1307 4686 1522 4785 principibus
1548 4689 1642 4763 orbis
1663 4700 1765 4788 terre,
1793 4696 1870 4772 locu

456 4791 670 4867 venerabilia
685 4797 745 4894 pia
760 4801 887 4876 mentis
906 4801 1084 4879 affectione
1101 4815 1231 4901 tuetur,
1251 4819 1286 4884 ct
1297 4812 1408 4904 justas
1423 4833 1486 4910 pro
1503 4812 1554 4886 eis
1572 4826 1750 4910 porrectas
1767 4819 1870 4894 lavo-

457 4912 610 4988 rabiliter
633 4919 821 5014 peticiones
844 4924 1004 5003 admittit.
1027 4928 1077 5004 Ea
1092 4941 1233 5029 propter
1249 4933 1422 5009 universis
1445 4935 1580 5033 imperii
1605 4936 1767 5016 fidelibus
1783 4965 1873 5042 prc-

537 5037 592 5104 IV.
613 5051 670 5102 Para
682 5059 704 5104 2.
1675 5073 1714 5128 99
