4859 6359
654 724 715 789 ecs
1173 726 1347 793 ruunrcr
1372 728 1541 791 surrrrrr
1878 730 1960 809 [arr.
1979 732 2065 794 raas

659 862 769 933 tulaut
783 882 846 957 per
871 861 1057 953 majestatis
1078 862 1172 955 regie
1187 864 1403 939 clementiam
1417 862 1664 938 exaudiantur.
1688 863 1778 937 IIinc
1797 872 1851 939 es't
1865 867 1963 959 quod
1981 887 2068 961 pre-

659 986 808 1059 sentium
824 993 942 1059 tenore
959 995 1079 1059 uotum
1097 984 1170 1059 fieri
1189 987 1353 1060 volumus
1375 996 1447 1061 tarn
1465 988 1682 1084 presentibus
1699 1008 1808 1083 quarn
1830 988 1956 1061 tuturis
1970 988 2068 1082 quod

658 1130 722 1181 nos
736 1108 954 1182 donatiouem
965 1106 1076 1182 fidelis
1088 1110 1194 1183 nostri
1206 1110 1373 1184 Friderici
1386 1110 1533 1183 ministri
1544 1108 1620 1206 (tic)
1636 1108 1683 1183 de
1695 1110 1947 1205 Nordelingen,
1960 1131 2065 1205 qnam

660 1230 754 1305 idern
779 1230 824 1305 de
846 1231 974 1327 prediis
997 1232 1071 1304 suis
1094 1231 1256 1328 hospitali
1279 1232 1376 1327 quod
1397 1242 1632 1307 constructum
1655 1241 1710 1307 est
1735 1233 1771 1305 iu
1796 1232 1928 1307 bonore
1951 1233 2066 1307 Sancti

655 1354 801 1449 Spiritus
816 1354 911 1450 apud
922 1354 1153 1451 Nordelingen
1163 1356 1199 1429 in
1213 1358 1360 1429 salutern
1370 1356 1547 1429 constitnit
1558 1356 1764 1447 animarum,
1777 1365 1887 1430 ratam
1897 1354 2065 1431 babemus

656 1487 691 1551 et
707 1479 907 1553 auctoritate
920 1480 1016 1572 regia
1029 1478 1296 1569 confirmamus3
1322 1478 1528 1553 mandantes
1546 1488 1583 1553 et
1598 1500 1660 1575 per
1673 1480 1821 1574 gratiam
1836 1488 1988 1553 nostram
2004 1479 2064 1553 fir·

655 1602 756 1675 miter
793 1603 1019 1700 precipientes
1044 1614 1216 1699 quatenus
1245 1604 1362 1677 nullus
1392 1611 1512 1677 eontra
1544 1603 1636 1677 banc
1657 1602 1929 1679 confirmationis
1949 1614 2064 1677 nostm

652 1726 814 1823 paginam
830 1726 960 1801 dictum
979 1728 1146 1825 hospitale
1155 1729 1196 1801 in
1215 1728 1380 1825 predictis
1397 1727 1568 1801 reditibus
1586 1736 1763 1823 presumat
1774 1729 1831 1801 vel
1844 1728 1973 1803 audeat
1989 1750 2063 1801 rno-

656 1850 781 1925 leslare
794 1850 860 1948 (l).
880 1852 982 1939 Quod
997 1855 1058 1947 qui
1074 1855 1204 1947 lecerit,
1226 1852 1361 1926 noverit
1374 1874 1413 1926 se
1429 1852 1596 1926 odsusam
1620 1851 1731 1945 gratie
1751 1860 1867 1929 nostre
1886 1852 2065 1949 irrecupe-

651 1974 804 2047 rabiliter
821 1974 1054 2048 incursurum.

704 2100 828 2170 Datum
848 2098 944 2195 apud
954 2099 1119 2173 Werdam
1138 2096 1209 2195 (2),
1229 2098 1274 2171 III
1290 2096 1458 2172 kalendas
1473 2097 1607 2193 aprilis,
1630 2096 1818 2173 indictione
1838 2108 1955 2194 sexta,
1973 2121 2065 2174 anno

653 2224 816 2299 videlicet
832 2223 968 2297 Domini
985 2224 1032 2299 Μ.
1052 2223 1117 2297 CC.
1133 2224 1288 2297 XXXIII.

862 2506 882 2519 μ-
888 2508 892 2514 ι
903 2506 983 2517 ιιι-ιο-
989 2508 1031 2516 mn·
1037 2508 1045 2517 ι
1051 2506 1845 2524 amau—..nunnun--o--q--W

711 2769 915 2875 Homines,
944 2768 1203 2853 Romanorum
1228 2793 1316 2876 rex,
1349 2767 1532 2851 fracibus
1557 2766 1768 2851 Minoribus
1793 2766 1834 2850 in
1858 2766 2066 2879 Ilatispona

656 2914 694 2989 et
714 2904 893 2988 ecclesiae
918 2927 1072 3001 eorum,
1104 2900 1289 2985 nimirum
1321 2900 1448 2984 Sancti
1475 2900 1700 3005 salvatoris,
1729 2901 1808 2985 duo
1839 2900 1995 3011 homer,
2024 2903 2065 2985 in

651 3036 949 3144 penitencie,
969 3034 1102 3118 donat.

739 3252 836 3335 (Edit.
857 3268 907 3329 up.
922 3254 1050 3311 Monam.
1065 3250 1163 3327 Bois,
1177 3256 1251 3312 tom.
1265 3248 1363 3331 XXX,
1375 3266 1443 3328 pars
1455 3250 1492 3324 1⁸,
1508 3267 1539 3328 p.
1553 3258 1625 3323 tto,
1638 3256 1674 3309 n⁰
1687 3254 1760 3323 tle,
1781 3264 1821 3309 ex
1832 3246 1968 3327 orlglnsll
1979 3250 2066 3327 cujus

774 3358 905 3438 slglllnm
923 3360 1021 3436 perlit.
1037 3358 1213 3419 Indictlonls
1229 3372 1354 3418 nummo
1368 3356 1452 3418 locus
1468 3372 1580 3417 vacuus
1592 3357 1626 3417 ln
1641 3354 1813 3417 membrana
1830 3354 1948 3416 rellctus
1964 3360 2023 3428 ast,
2034 3360 2065 3415 et

773 3464 958 3527 deslderatur
970 3466 1081 3527 mense
1094 3470 1147 3527 nut
1167 3464 1227 3527 dlel
1244 3466 1368 3527 notabo.
1383 3464 1450 3527 Non
1462 3470 1562 3526 antem
1581 3461 1779 3525 dubltundum
1791 3464 1864 3543 quln
1879 3462 1919 3523 nd
1934 3476 2065 3524 mnsam

774 3572 915 3633 martium
927 3572 975 3633 rel
989 3572 1111 3651 sprllern
1126 3570 1296 3651 pertineat.)

704 3762 905 3852 Heinricus,
925 3758 988 3831 Dei
1006 3756 1117 3853 gratia
1141 3758 1373 3830 Romanorum
1395 3777 1460 3829 rex
1485 3776 1622 3851 semper
1639 3761 1826 3849 augustus,
1851 3754 2013 3827 omnibus
2029 3754 2065 3826 iu

653 3897 871 3985 perpetuum.
892 3885 977 3959 Cnrn
994 3906 1040 3959 ex
1059 3884 1230 3977 dignitate
1246 3880 1343 3977 regie
1354 3880 1543 3975 majestatis
1554 3902 1626 3976 qua
1638 3880 1711 3953 Deo
1722 3880 1862 3953 lavante
1873 3879 2062 3975 fungimur,

655 4033 770 4087 sacras
787 4019 965 4083 teneamur
975 4008 1158 4101 religiones
1175 4007 1348 4102 plantare,
1367 4007 1538 4100 plantatas
1553 4004 1663 4077 eciam
1677 4024 1749 4077 nou
1761 4002 1877 4077 minus
1887 4013 2066 4099 protegere

656 4156 698 4211 ac
715 4138 851 4225 lovere,
872 4129 1129 4207 considerantes
1148 4128 1439 4203 necessitudinem
1459 4149 1595 4201 necnon
1616 4136 1652 4201 et
1667 4127 1858 4222 pericnlum
1874 4126 1970 4221 quod
1986 4128 2066 4200 evi-

654 4255 1105 4355 denterpatuitbabitationi
1115 4253 1319 4328 dilectorum
1330 4274 1521 4349 panpemm
1529 4250 1653 4325 Christi
1664 4260 1897 4324 etnostrorum
1908 4252 2062 4343 fratrum,

658 4383 823 4457 videlicet
843 4380 1016 4454 illisorum
1038 4379 1074 4449 in
1096 4376 1283 4472 Ratispona
1307 4375 1610 4467 commorantium,
1641 4395 1688 4447 ex
1713 4374 1891 4447 vicinitate
1916 4374 2065 4449 duorum

692 4604 728 4733 (l)
745 4658 829 4716 Adest
840 4673 885 4731 ep.
897 4656 981 4725 Dour,
994 4654 1073 4727 ibid,
1082 4668 1113 4710 m
1122 4654 1217 4722 LXIII,
1228 4650 1393 4712 confirmatio
1401 4651 1520 4711 omninm
1528 4650 1662 4708 bonomm
1675 4648 1762 4708 sidem
1773 4646 1898 4723 bospitali
1910 4664 1926 4705 a
1937 4646 2066 4739 Gregorio

654 4756 694 4815 IX
704 4772 773 4831 papa
784 4756 854 4813 lacta
867 4772 875 4811 ι
889 4756 948 4811 Dat.
962 4753 1100 4823 Laterum,
1116 4752 1144 4809 X
1157 4750 1211 4808 Iral.
1224 4750 1350 4825 januarii,
1361 4748 1531 4826 pontificatus
1546 4761 1617 4806 anno
1628 4746 1691 4804 XI0.

688 4852 723 4927 [2)
742 4851 792 4909 llic
805 4852 891 4927 agitur
903 4850 938 4909 de
951 4850 1057 4909 civimte
1065 4850 1136 4909 dicta
1147 4845 1342 4907 Douutwettb.
