4859 6359
619 793 680 856 844
1118 795 1333 858 ltltlltttutcl
1356 793 1529 858 saeuum
1838 795 1918 882 [An.
1935 795 2021 860 123&

670 923 846 1022 [Sequitur
857 927 1092 1024 privilegium,
1108 937 1207 1003 sexto
1220 929 1280 1004 die
1291 929 1420 1003 mensis
1431 928 1515 1003 maii
1530 929 1625 1007 l2l6
1638 929 1785 1020 editum,
1794 933 1892 1027 quod
1902 931 2024 1005 viden·

622 1046 707 1122 dum
724 1069 847 1142 supra,
868 1057 895 1120 t.
914 1049 946 1139 1,
965 1073 1002 1146 p.
1022 1047 1123 1150 tce]

667 1172 737 1244 Nos
754 1171 860 1265 igitur
876 1171 1091 1247 attendentes
1108 1173 1214 1248 fidem
1233 1183 1270 1247 et
1286 1171 1506 1248 devotionem
1528 1173 1698 1246 sinceram
1713 1195 1820 1269 qnam
1840 1175 1946 1249 iidem
1963 1177 2022 1251 di-

618 1295 697 1367 lecti
713 1293 832 1368 fideles
847 1297 954 1368 nostri
970 1297 1016 1370 ad
1038 1319 1220 1393 pomonam
1242 1304 1446 1370 nostramet
1467 1294 1632 1369 honorem
1655 1296 1792 1392 imperii
1815 1298 2023 1374 incessanter

618 1415 748 1491 habere
765 1428 973 1510 noscuntur,
992 1419 1155 1516 inspectis
1172 1420 1276 1494 etiarn
1293 1420 1399 1513 gretia
1413 1428 1449 1492 et
1465 1421 1615 1514 acceptis
1626 1419 1776 1493 servitiis
1789 1442 1859 1515 qne
1875 1423 1974 1495 nobis
1987 1433 2022 1498 et

615 1542 760 1636 imperio
772 1563 907 1638 semper
918 1543 1086 1616 exhibent
1097 1555 1132 1617 et
1146 1545 1183 1616 in
1200 1553 1302 1617 antea
1317 1543 1466 1618 debono
1480 1544 1823 1640 inmelinspnterunt
1837 1547 2018 1638 exhihere,

614 1663 837 1760 privilegium
861 1665 1101 1761 supradictum
1123 1666 1169 1742 de
1191 1669 1300 1741 verbo
1317 1669 1364 1742 ad
1382 1667 1528 1740 verbnm
1546 1667 1727 1762 privilegio
1749 1671 1899 1763 presenti
1924 1679 2019 1744 uan-

613 1788 777 1884 scriptum
791 1788 959 1880 Jussimns
976 1790 1145 1864 innovari.
1165 1791 1222 1863 Ex
1240 1789 1508 1864 habundanticri
1534 1812 1676 1886 quoquc
1691 1793 1801 1886 gratia
1817 1803 1933 1868 nostra
1949 1795 2020 1866 im-

614 1911 735 2008 periali
758 1913 952 1986 sanccimus
976 1913 1090 1989 edicto
1112 1915 1209 2009 quod
1223 1914 1371 2010 predicti
1390 1913 1507 1988 dilecti
1527 1912 1647 1988 fideles
1668 1917 1776 1988 nostri
1792 1926 1864 1990 tam
1886 1918 2018 1990 scabini

614 2058 720 2132 quam
737 2037 834 2111 cives
852 2037 1068 2113 Colonienses
1083 2061 1147 2113 nec
1162 2039 1208 2113 ob
1225 2037 1344 2112 debita
1358 2059 1424 2110 neo
1437 2038 1484 2112 ob
1511 2039 1755 2134 promissiones
1770 2042 2020 2136 cujuscumque

610 2161 856 2258 archiepiscopi
870 2173 988 2236 sancte
1006 2163 1218 2238 coloniensis
1232 2162 1379 2236 ecclesie
1398 2183 1461 2256 pro
1478 2172 1634 2258 ternpore
1649 2162 1829 2236 existentis
1847 2174 1911 2235 aut
1926 2164 2018 2237 alta-

610 2288 683 2360 n'ns
697 2285 879 2379 cujuslibet
895 2307 1054 2382 persone,
1071 2286 1107 2358 in
1123 2286 1280 2383 personis
1296 2287 1355 2358 vel
1371 2286 1478 2360 rebus
1498 2286 1573 2360 suis
1591 2285 1741 2360 debeant
1755 2285 2013 2382 damnificari,

612 2409 758 2484 detineri
785 2417 846 2482 aut
867 2429 1088 2505 quocumque
1106 2409 1212 2483 modo
1237 2409 1364 2502 injuste
1387 2410 1523 2504 gravari
1543 2409 1575 2506 (l
1582 2409 1610 2507 ).
1635 2412 1780 2506 Insuper
1799 2411 1916 2484 omnia
1936 2413 2017 2503 jura

610 2531 811 2606 corumdem
825 2533 1059 2623 scabinorum,
1078 2534 1208 2607 civium
1224 2543 1260 2607 et
1275 2533 1426 2606 civitatis
1442 2555 1577 2607 necnon
1595 2544 1631 2607 et
1649 2555 1769 2607 omnes
1786 2535 1893 2607 bonas
1907 2543 1943 2608 et
1957 2558 2016 2608 ra·

607 2657 787 2730 tionabiles
797 2657 1065 2732 consuetudines
1076 2679 1166 2754 quas
1179 2658 1269 2730 intra
1277 2657 1334 2731 vel
1348 2667 1448 2730 extra
1462 2657 1637 2731 civitatem
1652 2657 1817 2731 habuisse
1827 2669 2017 2732 noscuntur

607 2803 687 2855 cum
705 2781 867 2854 omnibus
880 2804 950 2876 que
959 2783 994 2854 in
1004 2783 1237 2878 suprascripto
1251 2781 1434 2878 privilegio
1448 2782 1680 2873 continentur,
1698 2780 1829 2855 eisdem
1843 2783 1889 2856 de
1905 2784 2014 2875 gratia

607 2913 722 2977 nostra
745 2902 1000 2979 confirmamus.
1029 2909 1225 2979 Statuentes
1247 2915 1284 2979 et
1310 2905 1480 3002 imperiali
1507 2905 1707 2979 auctoritate
1735 2903 1877 2978 firmiter
1900 2907 2015 3003 preci·

606 3027 738 3123 pientes
754 3037 793 3100 ut
808 3031 906 3102 nulla
918 3029 1059 3104 omnino
1073 3051 1218 3125 persona
1234 3031 1304 3105 alta
1325 3030 1383 3104 vel
1402 3029 1563 3117 humilis,
1589 3027 1819 3103 ecclesiastica
1835 3031 1899 3102 vel
1910 3052 2014 3104 secu-

607 3150 700 3240 laris,
722 3150 896 3246 predictos
910 3151 1052 3226 dilectos
1069 3152 1190 3228 fideles
1207 3163 1341 3228 nostros
1355 3160 1474 3227 contra
1490 3154 1659 3250 presentis
1674 3153 1847 3248 privilegii
1862 3162 2012 3229 tenorem

607 3295 711 3368 super
728 3275 905 3369 aliquibus
924 3297 1013 3350 ausu
1031 3277 1213 3351 temerario
1229 3277 1408 3350 molestare
1425 3287 1621 3374 prasumat;
1639 3279 1734 3373 quod
1754 3277 1817 3372 qui
1830 3299 2013 3374 presump-

607 3397 702 3488 serit,
720 3406 836 3494 pretar
853 3419 979 3494 ponam
993 3398 1150 3495 predicto
1165 3399 1347 3496 privilegio
1369 3401 1577 3498 appositam,
1595 3411 1735 3474 centum
1751 3401 1916 3474 librarum
1932 3401 2010 3498 puri

605 3519 681 3595 anri
695 3530 895 3616 componat,
913 3521 1136 3596 medietatam
1153 3521 1238 3597 fisco
1256 3535 1386 3615 nostro,
1402 3525 1577 3619 reliquam
1590 3524 1693 3598 dictis
1710 3524 1874 3600 fidelibus
1886 3526 2010 3600 nosuis

603 3643 883 3739 persolvendam.
897 3645 941 3718 Ut
957 3655 1074 3720 autem
1090 3647 1154 3720 hec
1168 3648 1346 3722 innovatio
1359 3658 1395 3723 et
1408 3647 1621 3723 confirmatio
1637 3649 1745 3722 mbur
1758 3650 1912 3723 obtineat
1926 3672 2011 3746 per-

605 3777 710 3864 petue
726 3765 913 3860 firmitatis,
939 3790 1082 3864 presens
1109 3771 1332 3866 privilegium
1353 3769 1428 3846 fieri
1443 3780 1481 3846 et
1495 3771 1593 3845 bulla
1613 3793 1719 3846 aurea
1744 3773 1881 3870 typario
1897 3783 2011 3846 nosue

604 3890 791 3982 majestatis
806 3891 972 3986 impressa
981 3892 1149 3984 jussimus
1165 3895 1338 3988 insigniri.

652 4014 765 4106 Hujus
777 4015 827 4086 rei
846 4023 947 4088 testes
960 4025 1041 4088 sunt
1057 4043 1066 4088 ε
1084 4018 1127 4090 Η.
1151 4018 1379 4108 Coloniensis‚
1405 4019 1470 4092 Tlr.
1499 4019 1721 4094 Trevcrcnsis
1742 4019 2006 4118 archiepiscopi,

608 4189 617 4208 .
648 4187 660 4210 .
689 4189 699 4208 .
727 4135 836 4210 abbas
850 4137 1079 4234 Prumicnsis,
1110 4194 1119 4213 .
1150 4196 1160 4215 .
1192 4198 1201 4214 .
1230 4143 1338 4218 abbas
1354 4143 1618 4228 Werdanensis,
1645 4145 1688 4216 H.
1714 4143 1792 4217 dux
1807 4145 2005 4233 Bretiande,

605 4261 648 4332 Η.
664 4260 877 4354 lantgravius
888 4263 1065 4357 Turingie,
1081 4265 1185 4340 lratcr
1196 4267 1240 4340 Η.
1257 4266 1421 4359 magister
1435 4266 1614 4363 hospitalis
1628 4267 1752 4341 Sancte
1763 4268 1870 4341 lllarie
1886 4268 2010 4342 domus

605 4382 892 4458 'theutonicorum
910 4383 974 4482 [in]
984 4387 1187 4481 Jerusalem,
1208 4389 1378 4462 chrinus
1389 4409 1505 4463 comcs
1514 4389 1707 4479 Seinensis,
1726 4390 1791 4462 Th.
1807 4411 1923 4464 comes
1938 4390 2011 4464 Cle·

603 4507 733 4598 vensis,
754 4509 796 4582 O.
814 4530 929 4584 comes
945 4509 1128 4606 Gclrensis,
1148 4514 1206 4586 W.
1220 4533 1336 4588 comes
1347 4513 1575 4608 luliacienais,
1593 4515 1633 4587 L.
1647 4535 1764 4588 comes
1773 4513 2007 4604 Hennensis,

511 4799 515 4806 '
640 4788 675 4862 (l)
693 4787 736 4848 Cl.
753 4804 836 4864 supra
850 4793 1018 4868 privilegium
1032 4793 1140 4854 llenmci
1150 4795 1232 4870 ragis,
1247 4800 1314 4854 tom.
1327 4795 1374 4867 m,
1389 4811 1418 4870 p.
1431 4796 1497 4868 lla,
1510 4793 1558 4852 ulti
1571 4793 1624 4853 snb
1638 4795 1740 4854 eisdem
1751 4794 1843 4856 verbis
1857 4793 2010 4854 immunitas

602 4883 696 4942 eadem
710 4885 875 4959 exprimitur.
