4859 6359
357 774 457 836 lentur.
472 771 517 857 9.]
814 771 1010 836 utsrosru
1033 772 1326 836 utruounurctt
1711 773 1772 835 805

360 916 488 980 sumat.
509 903 612 992 Quod
627 905 688 1002 qui
711 909 956 1004 presumpserit
970 909 1242 1006 indignationem
1262 914 1413 981 nostram
1435 927 1474 980 se
1496 905 1631 980 noverit
1651 905 1769 981 incur·

360 1028 573 1130 summust
597 1029 702 1122 hujus
723 1028 842 1124 itaque
863 1034 1083 1126 protectionis
1108 1033 1278 1106 cautelam
1302 1039 1338 1106 et
1360 1030 1410 1104 rei
1434 1039 1529 1125 geste
1549 1030 1765 1118 memoriam,

360 1175 503 1252 presens
517 1153 684 1248 scriptum
704 1151 778 1227 fieri
790 1155 958 1248 jussimus
971 1158 1158 1252 majestatis
1176 1165 1293 1230 nostre
1305 1155 1419 1252 sigillo
1434 1155 1619 1227 munitum.

409 1279 535 1350 Datum
553 1277 768 1372 ungaricos,
789 1298 881 1351 anno
896 1278 1069 1355 dominice
1083 1279 1327 1354 incarnationis
1340 1277 1520 1352 millesimo
1533 1275 1768 1352 ducentesimo

359 1399 533 1473 tricesimo
551 1399 685 1494 quinto,
703 1421 821 1474 mense
838 1399 1047 1496 decembris,
1066 1425 1157 1476 none
1173 1403 1383 1477 indictionis.

936 1638 1191 1653 *a-

765 1865 877 1930 Auro
904 1867 1003 1930 12³6.
1027 1903 1066 1916 -
1086 1867 1327 1930 ruutcrtottu
1346 1868 1375 1931 9.

930 2067 1202 2092 a*—

411 2259 648 2365 Friderious,
676 2262 935 2346 Romanorum
965 2263 1189 2372 imperetur,
1217 2263 1264 2346 Β.
1293 2263 1469 2372 episcopo
1496 2262 1704 2347 vivariensi
1730 2273 1768 2348 et

360 2393 641 2479 successoribus
667 2393 750 2503 ejus
775 2393 977 2478 confirmat
1002 2396 1132 2480 omnia
1153 2395 1351 2506 privilegiu
1372 2421 1396 2478 a
1416 2396 1768 2505 praedecessoribus

362 2527 496 2612 suiset
514 2553 538 2610 a
556 2527 679 2636 seipso
697 2525 876 2610 ecclesiae
892 2527 1099 2612 Vivaricusi
1119 2527 1283 2610 indulte.

438 2727 536 2803 (Edit.
551 2744 600 2805 ap.
615 2727 661 2790 Du
674 2729 732 2792 Vrc
752 2733 783 2790 et
794 2727 958 2803 Vnrssrrs,
975 2728 1051 2790 Hirr.
1066 2729 1133 2809 qen.
1149 2727 1185 2788 dc
1196 2724 1377 2808 anusdoc,
1392 2733 1416 2788 t.
1434 2727 1486 2800 Vl,
1501 2744 1625 2806 preuves
1640 2747 1672 2808 p.
1689 2738 1763 2803 tos,

475 2832 545 2896 edtt
555 2833 605 2896 Du
615 2833 711 2912 megs,
726 2849 765 2896 ex
777 2833 855 2896 Bibl.
868 2850 930 2913 reg.
946 2833 1053 2908 Parin,
1068 2834 1285 2910 recussum,
1300 2833 1482 2911 porteieutlle
1494 2834 1532 2895 de
1544 2834 1684 2910 Vlrlers.)

405 3007 444 3078 lu
462 3005 604 3079 nomine
621 3013 736 3080 sancte
752 3015 785 3079 et
808 3005 994 3081 individue
1011 3006 1195 3080 Trinitatis.
1218 3004 1413 3080 Fridericns
1427 3005 1471 3100 u,
1490 3005 1610 3080 divina
1626 3007 1765 3082 favente

358 3128 538 3204 clementia
558 3129 789 3202 Romanorum
818 3127 1003 3226 imperator
1027 3151 1161 3224 semper
1178 3137 1363 3224 augustus,
1383 3131 1570 3205 Jerusalem
1592 3140 1628 3204 et
1650 3131 1764 3206 Sicilie

357 3273 432 3325 rex.
459 3253 564 3326 Decet
590 3252 776 3347 imperialis
798 3253 1001 3326 excellentie
1026 3250 1228 3349 dignitatem
1250 3255 1353 3346 justis
1376 3253 1594 3327 subditorum
1620 3256 1763 3350 petitio-

357 3375 461 3448 nibus
476 3375 646 3468 inclinari,
657 3387 692 3448 et
709 3395 828 3448 eorum
843 3376 997 3450 maxime
1017 3397 1105 3471 quos
1123 3376 1337 3472 experientia
1353 3376 1448 3470 fidei,
1461 3377 1655 3452 devotionis
1670 3379 1763 3453 inte-

357 3499 463 3594 gritas
480 3507 515 3572 et
532 3499 700 3594 obsequia
716 3499 841 3595 dignos
860 3500 990 3572 laciunt
1007 3507 1041 3572 et
1062 3499 1353 3574 commendabiles
1371 3510 1606 3599 representant
1621 3529 1631 3574 ι
1648 3504 1763 3598 utqui

356 3623 527 3717 augustali
542 3623 628 3696 solio
648 3622 769 3696 divino
787 3644 930 3697 munere
942 3622 1175 3720 presidemus,
1196 3633 1232 3696 et
1245 3625 1385 3699 obtenta
1398 3623 1566 3698 beneficia
1582 3647 1762 3700 servemus

356 3745 392 3816 in
409 3745 554 3842 posteris
574 3753 609 3820 et
629 3767 670 3820 ea
692 3745 876 3820 liberaliter
902 3745 1168 3820 confirmationis
1192 3756 1307 3822 nostre
1330 3748 1521 3822 munimine
1546 3748 1757 3822 roboremus.

356 3869 543 3966 Eapropler
561 3869 732 3942 universis
758 3868 920 3944 fidelibus
941 3871 1065 3944 nostris
1086 3880 1156 3944 tam
1183 3871 1402 3967 presentibus
1426 3892 1532 3966 quam
1553 3873 1677 3945 futuris
1697 3893 1762 3946 vo·

356 3993 471 4066 lumus
491 3994 564 4066 lore
588 4004 708 4066 notum
733 3994 829 4089 quod
850 4017 929 4066 cum
955 3993 1101 4068 dilectus
1125 4003 1240 4067 noster
1260 3996 1299 4068 B.
1328 3995 1536 4068 venerabilis
1551 3995 1762 4070 vivariensis

355 4116 537 4213 episcopus
559 4125 674 4191 nostro
697 4117 840 4190 culmini
861 4117 1087 4213 supplicasset
1108 4127 1235 4190 attente
1253 4127 1292 4189 ut
1310 4117 1394 4212 quia
1413 4117 1558 4192 ecclesia
1574 4141 1640 4192 sua
1658 4117 1762 4190 habet

356 4237 490 4311 indulta
507 4238 574 4311 sibi
597 4237 732 4314 dudum
753 4260 775 4312 a
794 4239 886 4314 divis
909 4240 1067 4332 augustis
1092 4238 1390 4335 predecessoribus
1411 4239 1535 4312 nostris
1559 4239 1675 4312 inclite
1701 4261 1762 4313 re·

355 4361 562 4435 cordationis
577 4371 612 4434 et
627 4362 744 4450 nobis,
765 4385 911 4458 quorum
934 4372 1069 4437 tenores
1085 4384 1153 4435 non
1170 4371 1309 4458 possent
1329 4361 1365 4432 in
1383 4384 1453 4434 uno
1472 4362 1651 4458 privilegio
1667 4383 1761 4435 com·

355 4484 538 4580 prehendi,
557 4486 712 4580 predicta
736 4483 917 4584 privilegia
935 4509 1015 4560 cum
1032 4486 1087 4560 his
1102 4507 1171 4582 que
1193 4486 1409 4559 continentur
1428 4486 1465 4556 in
1482 4484 1539 4557 his
1560 4483 1762 4558 confirmare

355 4607 421 4680 sibi
441 4608 486 4682 de
505 4618 620 4682 nostra
637 4611 747 4704 gratia
765 4609 1000 4702 dignaremur.
1017 4613 1085 4684 Nos
1101 4611 1252 4708 pensatis
1267 4610 1397 4682 meritis
1413 4608 1494 4681 fidei
1517 4616 1551 4681 et
1568 4607 1760 4681 devotionis

356 4730 510 4822 ejusdem
529 4753 631 4826 quem
650 4733 687 4806 in
705 4733 1054 4806 honoreacservitiis
1072 4734 1249 4806 nostriset
1274 4731 1408 4828 imperii
1431 4752 1565 4826 semper
1588 4731 1762 4804 efficacem

357 4851 566 4949 invenimus,
587 4855 896 4952 supplicationibus
912 4857 984 4928 suis
1004 4856 1234 4930 favorabiliter
1252 4855 1417 4945 inclinati,
1434 4855 1566 4953 prelata
1580 4854 1763 4952 privilegia

1847 2277 1911 2331 dpnd

1810 2329 1950 2386 mmmm,

1821 2384 1934 2438 Junsdo.
