4859 6359
365 901 369 908 1
394 815 493 875 lucror.
508 812 553 890 9.]
845 808 1039 870 lilSl'OlllA
1064 808 1356 871 DIPLOMATIGA.
1741 808 1799 870 8'l'l

394 949 440 1022 ad
460 947 643 1020 terminum
655 945 769 1039 ipsum
789 966 901 1037 usque
917 944 954 1016 in
970 946 1094 1017 testum
1111 952 1195 1015 tunc
1210 944 1408 1038 proximum
1430 942 1677 1017 Purificationis
1699 944 1799 1018 beate

393 1071 546 1164 Virginis
562 1067 831 1163 prorogandum.
850 1068 955 1159 Cujus
979 1067 1214 1162 compromissi
1236 1068 1342 1139 torma
1361 1076 1395 1139 et
1413 1066 1488 1159 die,
1512 1077 1613 1163 prout
1637 1090 1698 1163 per
1716 1090 1797 1141 nos·

393 1204 484 1265 hum
497 1192 692 1287 predictum
716 1191 873 1263 nuntium
898 1192 1076 1285 propalam
1096 1192 1306 1283 accepimus,
1334 1211 1394 1285 per
1419 1191 1543 1263 Sedem
1567 1194 1795 1287 Apostolicam

392 1306 594 1410 acceptatis,
615 1326 649 1387 et
668 1312 823 1408 predicto
838 1314 1001 1405 magistro
1017 1312 1301 1385 Thentonicornm
1319 1312 1363 1385 de
1381 1313 1542 1387 mandato
1558 1326 1673 1387 nostro
1686 1324 1720 1387 et
1736 1338 1794 1388 re-

393 1438 577 1532 quisitione
592 1458 682 1531 pape
707 1457 777 1507 nna
802 1457 881 1507 cnm
898 1436 937 1507 G.
960 1435 1006 1507 de
1022 1435 1201 1507 Arnestein
1221 1437 1307 1509 sacri
1337 1436 1472 1530 imperii
1502 1438 1538 1506 in
1563 1439 1658 1509 ltalia
1681 1440 1794 1531 legato

393 1560 547 1633 velutad
561 1559 798 1653 recipiendum
808 1560 1135 1631 consummationem
1148 1560 1274 1652 negotii
1291 1560 1508 1653 procedente,
1528 1560 1612 1630 dum
1625 1582 1686 1655 per
1698 1564 1793 1634 Lom-

394 1684 551 1756 bardiem
592 1682 797 1754 venerabilis
824 1736 833 1753 .
865 1737 873 1752 .
905 1736 914 1752 .
943 1682 1135 1776 patriarcha
1174 1682 1414 1755 Antiochensis
1440 1684 1488 1778 (a)
1519 1684 1580 1777 qni
1618 1683 1662 1756 de
1699 1685 1794 1778 lega-

393 1808 485 1880 tione
501 1806 600 1879 Sedis
624 1806 819 1901 Apostolice
832 1806 905 1898 jam
923 1828 945 1877 a
968 1806 1088 1897 majori
1105 1813 1200 1898 parte
1216 1805 1485 1878 lombardorum
1498 1808 1649 1900 ipsorum
1667 1829 1730 1903 pro
1745 1807 1792 1903 (h)

393 1941 490 2027 parte
505 1931 658 2003 Ecclesia
673 1931 956 2025 compromissum
968 1939 1154 2025 receperat,
1173 1932 1390 2025 pertransiret
1404 1930 1501 2026 apud
1512 1933 1680 2005 Veronam
1695 1936 1790 2007 exis-

393 2064 484 2147 tens,
502 2055 803 2150 compromissione
819 2056 948 2148 prelata
961 2052 1152 2149 pendente,
1177 2066 1325 2127 rectores
1343 2056 1511 2127 societatis
1525 2056 1679 2148 eJusdem
1705 2058 1791 2130 civi·

392 2187 495 2252 tatem
519 2180 750 2252 Veronensem
779 2178 814 2248 in
841 2179 951 2249 oculis
981 2179 1091 2273 ipsius
1115 2178 1287 2271 magistri,
1319 2179 1485 2270 premissa
1511 2178 1657 2273 proinde
1685 2181 1793 2252 multa

392 2304 539 2400 pecuma
556 2314 591 2377 et
608 2303 750 2377 occultis
763 2302 839 2375 aliis
852 2303 1049 2394 fraudibus,
1075 2303 1241 2375 instanter
1260 2303 1305 2375 ab
1326 2302 1500 2396 obsequiis
1519 2305 1642 2375 nostris
1660 2305 1791 2400 eripere

391 2429 610 2521 satagebant,
628 2437 663 2501 et
676 2426 882 2521 eripuissent
907 2428 1043 2521 ntique,
1064 2427 1093 2497 si
1115 2426 1269 2517 magistri
1293 2426 1462 2519 presentia
1490 2448 1558 2499 non
1588 2428 1708 2499 luisset
1724 2428 1786 2523 (l).

390 2548 521 2622 Eodem
536 2550 701 2643 magistro
725 2559 759 2623 et
780 2549 821 2621 G.
846 2550 974 2623 deinde
995 2549 1091 2644 apud
1108 2552 1187 2622 lists
1210 2549 1255 2620 de
1274 2548 1415 2621 consilio
1440 2551 1629 2644 patriarche
1645 2552 1789 2646 predicti

392 2673 621 2768 presentibus,
635 2674 697 2745 uhi
706 2683 853 2747 rectores
860 2673 1005 2767 predicti
1012 2675 1219 2747 acclamante
1229 2681 1423 2745 contractus
1433 2674 1529 2768 pacis
1541 2696 1638 2745 suam
1650 2676 1791 2768 palliare

391 2797 577 2891 nequitiam
595 2798 805 2887 nitebantur,
822 2798 1052 2871 marchionem
1066 2799 1255 2883 belensem,
1275 2796 1375 2869 nobis
1388 2807 1422 2867 et
1438 2798 1580 2890 imperio
1593 2820 1638 2869 ex
1649 2799 1790 2893 antiqua

392 2922 648 3015 progenitorum
674 2942 814 2993 suorum
843 2922 947 3015 stirpe
970 2920 1123 3010 fidelem,
1150 2929 1399 2991 sacramentnm
1423 2920 1593 2992 societatis
1616 2922 1702 2993 inire
1731 2944 1791 2993 re-

390 3055 565 3135 nuentem,
586 3046 688 3117 etiam
705 3042 971 3141 lacrymabiliter
984 3053 1169 3136 coegerunt
1187 3042 1251 3138 (2).
1273 3044 1448 3115 Ezelinum
1461 3045 1563 3115 etiam
1580 3044 1625 3115 de
1639 3046 1790 3119 Romano

389 3170 450 3262 qui
465 3169 632 3263 expositis
647 3170 807 3242 omnibus
824 3192 893 3263 que
909 3169 1075 3259 habebat,
1093 3168 1140 3240 ad
1159 3167 1357 3241 fidelitatem
1376 3177 1523 3239 nostram
1538 3170 1789 3263 promptissima

390 3291 573 3365 devotione
592 3292 759 3383 redierat,
788 3294 834 3365 ad
859 3293 946 3365 illud
968 3292 1061 3364 idern
1082 3302 1163 3363 tunc
1184 3291 1347 3385 temporis
1372 3301 1589 3365 arctaverunt
1610 3292 1678 3387 (3),
1704 3294 1788 3366 alias

390 3418 552 3511 magistro
563 3419 696 3513 prelato
711 3418 954 3489 nichilominus
968 3418 1099 3489 bonum
1112 3417 1206 3510 pacis
1222 3416 1294 3489 zelo
1312 3415 1475 3489 laudabili
1500 3416 1643 3489 sollicite
1664 3440 1787 3511 prose-

368 3597 371 3602 >
389 3541 525 3635 quenti,
545 3540 712 3613 condictis
722 3540 818 3635 apud
829 3540 1017 3612 Bononiam
1029 3539 1104 3611 loco
1116 3549 1150 3611 et
1165 3550 1331 3633 tempore,
1346 3540 1578 3633 multipliciter
1591 3539 1783 3613 illudentes.

388 3664 430 3736 Et
447 3664 527 3737 licet
543 3686 590 3737 ex
607 3664 675 3735 hiis
687 3660 873 3761 [putarent]
883 3663 1047 3757 sepedicti
1061 3663 1173 3733 nuntii
1192 3663 1298 3734 nostri
1315 3662 1483 3756 probabili
1497 3664 1578 3735 satis
1593 3667 1787 3755 conjectura

429 3837 661 3917 (a)1egttnrin
680 3840 781 3900 codice
800 3836 989 3901 memsam
1009 3836 1094 3899 telem
1112 3840 1143 3897 G.
1155 3817 1319 3918 ¹episcopam
1332 3858 1343 3897 :
1357 3840 1436 3917 qnod
1454 3842 1496 3900 ita
1508 3844 1688 3902 correximus
1706 3849 1736 3903 et
1749 3860 1785 3903 ex

388 3946 578 4023 sequenhbna
590 3952 622 4005 ct
633 3962 671 4005 ax
683 3946 790 4006 litterm
807 3962 900 4023 papae
916 3946 1025 4023 quibus
1040 3946 1213 4023 legationem
1226 3946 1408 4022 patriarchae
1425 3946 1607 4008 Antiocheno
1620 3951 1785 4011 committit.

388 4050 465 4112 Vide
476 4068 577 4128 supra,
591 4068 623 4128 p.
640 4060 697 4112 tto
711 4058 742 4113 et
753 4058 816 4113 not.
830 4061 860 4112 1.

428 4154 471 4236 (h)
489 4156 714 4234 superabundat
726 4160 758 4217 tn
768 4158 867 4219 oodtce
879 4158 976 4218 denno
989 4174 1048 4218 vox
1062 4157 1176 4238 majori.

387 4332 552 4344 ..--.·-—..-.-1
562 4338 714 4345 -.——----
720 4338 948 4346 ...-..-----—-

424 4440 460 4513 (t)
475 4441 550 4510 Quae
562 4442 650 4499 omnia
662 4442 835 4515 scriptoribus
846 4442 945 4501 italicis
955 4443 1001 4516 qui
1012 4448 1165 4517 supersunt,
1178 4443 1285 4517 penitus
1299 4444 1431 4517 incognita
1443 4442 1574 4500 ridentur.
1591 4444 1629 4500 De
1642 4444 1722 4503 rebus
1736 4444 1786 4503 Ve-

387 4538 546 4595 ronensihns
555 4539 617 4594 vide
627 4556 710 4612 supra
720 4540 841 4613 papalem
853 4539 992 4614 epistolam
1003 4547 1031 4597 et
1043 4540 1179 4614 imperiale
1192 4556 1360 4614 responsum,
1369 4558 1397 4614 p.
1412 4543 1462 4597 eta
1472 4546 1499 4597 et
1507 4542 1569 4598 832.

423 4632 458 4706 (2)
476 4633 562 4691 Corde
573 4641 664 4693 tamen
678 4642 706 4693 et
722 4637 810 4695 animo
822 4638 942 4695 menois
958 4636 1077 4694 marchio
1089 4637 1159 4711 parti
1175 4636 1329 4694 Gueltoruur
1343 4652 1448 4710 semper
1463 4636 1583 4694 adhaesit
1592 4638 1621 4693 in
1633 4644 1785 4710 posterum,

387 4729 458 4785 sicut
470 4730 632 4789 ridebimus.

423 4828 460 4900 (3)
478 4828 518 4885 be
531 4828 582 4885 hoc
592 4828 666 4885 nulla
683 4830 816 4887 invenitur
828 4831 928 4888 mentio
941 4832 1012 4906 apud
1027 4832 1105 4892 Veroi
1116 4831 1144 4889 in
1156 4846 1205 4890 stra
1218 4830 1402 4889 Eccelinorum
1413 4831 1532 4903 historia,
1546 4846 1633 4905 neque
1648 4830 1675 4890 id
1688 4847 1788 4890 memo·

387 4930 515 4982 rareront
528 4924 608 4982 etum
621 4927 764 5000 scriptores
775 4928 920 4985 coaetanei.
