4859 6359
421 2648 542 2745 Ἢ,

593 746 655 811 ato
725 733 730 741 “
1140 752 1451 817 unnrruunnrn

596 883 730 979 imperii
757 882 918 957 tidelibus
942 894 1012 957 tam
1039 889 1255 981 presentibus
1278 910 1383 983 66666
1407 886 1531 959 futuris
1553 884 1650 981 quod
1674 884 1821 961 dilectus
1845 888 2002 985 princeps

597 1016 714 1081 noster
730 1007 774 1079 Α.
795 1006 868 1103 (Ε.)
881 1010 1091 1083 venerabilis
1109 1011 1395 1107 Pabinbergeusis
1413 1010 1598 1107 episcopus
1620 1018 1736 1083 nostro
1757 1011 1899 1083 culmini
1918 1034 2003 1109 sup·

598 1130 743 1225 plicavit
769 1141 940 1225 quatenus
972 1132 1136 1206 telonium
1156 1136 1260 1231 apud
1290 1134 1419 1208 lilerlet
1451 1133 1507 1227 (i)
1536 1142 1572 1205 66
1599 1142 1771 1205 monetam
1801 1134 2000 1226 insieme,

598 1252 893 1348 quemadmodum
922 1277 985 1351 per
1009 1256 1092 1330 diro
1114 1258 1360 1333 recordatiouis
1388 1267 1574 1351 augustum
1598 1257 1782 1329 Hauricum
1809 1258 2001 1331 secundum

597 1379 871 1473 predecessorem
899 1390 1055 1453 nostrum
1080 1382 1192 1477 ipsius
1214 1383 1411 1457 monasterii
1435 1381 1652 1455 fundatorem
1678 1380 1770 1455 dcto
1796 1383 2002 1456 monasterio

598 1511 680 1589 spnt
691 1523 867 1591 concessa,
876 1512 911 1576 et
921 1503 1016 1577 idem
1031 1506 1276 1579 monasterium
1290 1528 1338 1579 cx
1351 1507 1495 1601 antiquo
1508 1505 1661 1601 possedit
1674 1516 1709 1577 et
1721 1528 1788 1577 usu
1801 1502 1878 1602 (ric)
1888 1507 2004 1579 extitit

597 1625 827 1721 usquemodo,
848 1627 1071 1723 dignaremur
1087 1630 1134 1705 de
1150 1640 1266 1703 nostru
1283 1630 1392 1725 gratia
1410 1628 1623 1705 confirmare.
1640 1626 1774 1727 [Forma
1790 1639 1906 1704 autem
1919 1650 2002 1702 cou-

597 1747 800 1823 firmatiouis
813 1749 999 1850 sequitur]

646 1874 772 1947 Datum
798 1874 895 1969 apud
922 1874 1160 1971 Aquilegiam
1189 1898 1281 1951 anuo
1307 1876 1479 1951 dominice
1503 1877 1747 1949 incarnationis
1771 1874 2000 1968 llCCXXXll,

597 2016 717 2071 meuse
729 1999 857 2093 aprilis‚'
879 2001 1000 2093 quinte
1016 1999 1227 2073 indictionis.

651 2532 882 2639 luduicus,
915 2532 1174 2616 Romanorum
1209 2534 1430 2643 imperator,
1468 2532 1518 2615 ad
1562 2530 1873 2642 supplicationem
1904 2532 2004 2617 Vol-

598 2668 707 2779 quini
736 2666 908 2777 magistri
939 2666 1095 2751 militiae
1128 2666 1268 2749 Christi
1294 2667 1334 2748 iu
1365 2665 1540 2772 Liscum,
1570 2690 1658 2748 eum
1689 2675 1726 2747 66
1758 2664 1894 2749 iratres
1922 2666 2004 2777 ejus

598 2824 688 2882 cum
724 2798 904 2883 omuibus
935 2798 1045 2881 bouis
1073 2824 1205 2881 eorum
1237 2798 1277 2880 iu
1305 2797 1478 2907 Livouia‚
1507 2796 1644 2906 letus,
1678 2796 1799 2882 Osilia
1828 2808 1867 2881 ei
1895 2800 2005 2882 terris

598 2928 741 3015 ibidem
758 2930 969 3041 expressis,
989 2928 1062 3013 sirb
1079 2932 1310 3041 protectione
1328 2956 1398 3013 sua
1414 2938 1452 3014 ct
1473 2929 1621 3039 imperii
1645 2929 1788 3041 recipit.

681 3130 801 3211 (lusdit.
823 3134 856 3192 lu
869 3128 1123 3193 6664666466
1143 3130 1348 3195 Graebndiarltc
1373 3130 1570 3208 osmensi..
1588 3138 1613 3196 t.
1627 3132 1658 3211 1,
1677 3148 1747 3209 pers
1760 3132 1806 3205 11,
1821 3148 1853 3210 p.
1876 3140 2004 3194 664-666

722 3236 824 3314 (lissei
839 3240 940 3313 6666).
955 3238 1001 3300 Gi.
1017 3254 1117 3316 supra,
1131 3256 1162 3317 p.
1179 3249 1250 3319 trs,
1264 3246 1325 3301 not
1349 3248 1377 3301 1.
1393 3240 1495 3301 Fuerit
1506 3256 1545 3301 66
1557 3239 1635 3301 idem
1648 3238 1834 3316 privilegium
1848 3232 1928 3317 duod
1940 3238 2005 3299 Nn·

719 3345 840 3421 ptersky
859 3344 899 3405 nd
916 3360 1048 3407 mensem
1063 3346 1174 3425 julium
1194 3346 1327 3423 eiusdem
1348 3348 1420 3407 runi
1439 3352 1600 3419 memorat,
1618 3360 1657 3407 66
1670 3344 1795 3407 sitorum
1815 3345 1897 3423 quod
1917 3344 2005 3421 pnulo

721 3454 790 3527 post
812 3450 970 3527 imperator
992 3450 1089 3511 ordini
1109 3451 1232 3512 militine
1253 3450 1361 3514 Christi
1381 3450 1437 3512 sub
1449 3450 1585 3527 ampliori
1597 3448 1692 3511 torma
1704 3450 1802 3511 dcuuo
1814 3450 2004 3520 munerandi,

719 3572 781 3617 non
793 3556 879 3633 plane
893 3554 1030 3635 sdmus.)

650 3738 690 3810 lu
708 3738 848 3813 nomine
865 3748 985 3811 sancte
1001 3748 1036 3810 et
1051 3736 1235 3812 individue
1253 3738 1436 3813 Trinitatis.
1459 3737 1656 3812 Fridericus
1676 3736 1868 3828 secundus,
1886 3736 2006 3812 divina

602 3864 740 3937 favente
755 3864 936 3937 clementia
961 3864 1190 3938 Romanorum
1205 3864 1389 3959 imperator
1410 3884 1546 3961 semper
1565 3872 1749 3958 augustus,
1768 3862 1954 3935 Jerusalem
1973 3872 2007 3935 ct

602 3987 718 4059 Sicilie
733 4008 810 4060 rex.
830 3988 916 4059 Cum
934 3990 1042 4062 simus
1062 3988 1245 4062 christiane
1268 3986 1350 4061 fidei
1375 3988 1539 4061 zelatores
1563 3996 1598 4061 ct
1615 3986 1651 4058 in
1674 4006 1716 4058 co
1733 3993 1804 4057 tota
1819 3984 2007 4057 intentione

602 4130 794 4198 versemur,
820 4112 916 4206 quod
938 4113 1049 4207 ipsius
1073 4114 1187 4185 cultus
1209 4112 1357 4206 amplius
1378 4122 1414 4184 et
1437 4112 1620 4206 perfectius
1646 4110 1822 4198 dilatetur,
1852 4118 2007 4181 tenemur

603 4232 835 4308 venerabilem
865 4235 1065 4327 magistrum
1100 4246 1136 4309 et
1170 4236 1290 4308 iratres
1319 4236 1439 4308 militie
1466 4235 1589 4308 Christi
1621 4234 1666 4307 de
1697 4232 1858 4321 livonia,
1888 4230 2007 4305 fideles

603 4370 760 4449 nostros,
789 4357 851 4451 qni
882 4355 987 4430 iidem
1024 4358 1172 4431 eandem
1206 4378 1275 4430 uon
1316 4360 1390 4431 siue
1419 4358 1527 4431 multa
1564 4356 1731 4431 allusione
1765 4352 1944 4447 sauguinis
1972 4360 2007 4424 66

604 4458 816 4578 paganorum
837 4490 950 4575 strage
976 4482 1013 4553 iu
1044 4482 1185 4555 livonia
1215 4491 1250 4554 et
1282 4482 1381 4555 terris
1409 4480 1648 4574 adjacentibus
1674 4478 1876 4567 dilatarunt,
1906 4476 2006 4549 solli-

604 4606 768 4680 citudinis
796 4607 958 4680 iuatautia
984 4609 1183 4701 coufovere,
1215 4616 1250 4680 et
1282 4607 1462 4703 petitiones
1491 4628 1610 4681 eorum
1640 4606 1690 4679 sic
1726 4601 1910 4677 clementer
1939 4600 2004 4674 ad·

605 4731 756 4821 mittere,
778 4732 877 4824 quod
900 4733 1108 4825 presentium
1135 4732 1180 4803 sit
1201 4730 1247 4803 ud
1275 4729 1443 4825 gaudium
1463 4741 1499 4803 et
1524 4728 1669 4825 posteris
1693 4726 1801 4821 gratie
1825 4724 1861 4797 in
1888 4744 2007 4797 exem-

605 4854 716 4950 plum.
734 4853 820 4927 lude
840 4862 893 4925 est
912 4854 1017 4948 igitur
1033 4854 1132 4949 quod
1154 4854 1328 4929 universis
1352 4854 1487 4951 imperii
1504 4852 1683 4945 fidelibus,
1703 4860 1774 4923 tam
1791 4846 2007 4946 presentibus
