4859 6359
584 748 646 811 930
1026 806 1032 816 ‚
1082 746 1296 811 ruloultlcl
1321 745 1493 809 suebum
1804 750 1883 827 [Aur.
1904 748 1988 812 1236.

585 891 668 955 sunt
681 881 871 955 affectionis
886 881 1072 955 certissima
1085 883 1231 977 pignora
1248 880 1413 975 principis
1427 880 1473 953 ad
1487 879 1678 972 subiectos,
1692 902 1772 953 cum
1786 882 1876 955 circa
1888 884 1991 956 latera

584 1006 733 1079 liliorum
752 1026 917 1100 generose
937 1006 1138 1101 propaginis
1157 1026 1221 1078 sue
1238 1006 1447 1077 incrementa
1467 1004 1714 1100 circumspicit,
1734 1005 1863 1097 quibus
1886 1006 1989 1079 lidenr

584 1138 619 1202 et
642 1129 786 1223 gratiam
811 1137 971 1224 preparat
992 1128 1224 1202 subditorum.
1248 1128 1333 1199 Nam
1356 1148 1435 1199 oum
1458 1127 1530 1198 vite
1551 1127 1690 1222 proprie
1714 1128 1878 1202 terminos
1902 1128 1991 1201 finiri

584 1252 789 1349 praecogitat,
806 1253 985 1347 propagari
1001 1251 1132 1347 gaudet
1145 1252 1181 1323 in
1195 1250 1315 1325 sobole
1331 1250 1476 1345 gratiam
1494 1249 1719 1345 principatus.
1735 1251 1779 1323 Et
1790 1273 1991 1346 quanquam

585 1374 623 1447 in
640 1376 736 1472 prole
752 1377 902 1449 feminea
918 1398 1104 1471 regnorum
1112 1376 1193 1467 jura
1207 1386 1242 1447 et
1259 1372 1477 1471 regnantium
1495 1373 1581 1447 solia
1597 1395 1667 1447 non
1683 1376 1878 1469 quiescant,
1895 1386 1990 1469 grata

583 1510 697 1573 tamen
714 1500 779 1573 hec
792 1499 864 1574 lilia
879 1500 984 1575 debet
998 1520 1075 1574 esse
1090 1520 1172 1573 cum
1185 1497 1366 1589 masculis3
1386 1518 1457 1593 que
1470 1498 1567 1572 velut
1581 1498 1785 1595 tempestiva
1802 1520 1990 1595 paranym-

582 1624 652 1720 pba
674 1625 891 1717 sequentium
916 1632 951 1696 et
968 1622 1070 1697 arrha
1093 1621 1282 1694 certissima
1305 1621 1555 1711 musculorum,
1580 1642 1627 1693 ex
1652 1620 1880 1716 imperatricis
1901 1644 1990 1695 nore

582 1748 754 1821 consortio
771 1746 1000 1821 indubitatam
1022 1746 1123 1819 nobis
1138 1744 1292 1842 etvobis
1310 1744 1456 1817 Domino
1473 1744 1611 1818 fauente
1628 1742 1674 1818 de
1696 1745 1837 1835 regibus
1855 1747 1989 1841 copiam

581 1872 787 1967 repromisit.

630 1997 755 2068 Datum
783 1995 835 2089 (l)
839 2044 1986 2067 .............................

635 2582 871 2693 Fridericus,
909 2582 1169 2666 Romanorum
1213 2581 1438 2689 imperator,
1481 2578 1661 2665 omnibus
1701 2580 1914 2665 civitatibus
1953 2594 1990 2667 et

452 2688 484 2720 ⁸⁸
507 2677 524 2731 '¹
580 2714 758 2799 fidelibus
785 2715 865 2797 suis
891 2715 1000 2823 regni
1032 2712 1182 2797 Siciliae
1211 2714 1370 2795 mandat
1395 2714 1502 2823 qnod
1520 2712 1660 2797 iaciunt
1684 2712 1719 2795 ei
1751 2714 1986 2817 subsidium,

580 2873 701 2957 quum
718 2847 794 2929 hac
814 2846 895 2929 rice
916 2872 1005 2929 cum
1028 2854 1134 2929 tanto
1155 2845 1322 2929 exercitu
1343 2844 1613 2929 Lomburdiam
1635 2844 1785 2955 ingredi
1814 2848 1991 2956 disponat

580 2980 685 3091 quod
706 2978 907 3063 rebellium
931 3004 1088 3063 suorum
1106 2977 1295 3087 protervia
1316 2977 1572 3061 conculcetur.

662 3193 759 3275 (Edit.
773 3197 805 3255 in
818 3194 903 3255 Petri
925 3192 960 3254 dc
989 3194 1052 3254 Via
1066 3193 1163 3273 epist,
1177 3194 1230 3254 lib.
1243 3194 1299 3265 Ill,
1314 3210 1380 3271 cap.
1395 3190 1453 3268 1v;
1468 3194 1536 3254 ooli.
1549 3208 1617 3253 oum
1631 3192 1725 3254 codic.
1740 3192 1879 3255 Bibliotb.
1893 3194 1986 3255 Paris.

699 3298 903 3375 Nom-Dante,
918 3317 949 3378 p.
966 3308 1037 3377 202,
1052 3306 1083 3360 et
1095 3299 1126 3361 S.
1142 3298 1237 3360 Gom.
1251 3294 1376 3377 Hurluy,
1392 3315 1422 3375 p.
1439 3301 1523 3371 455.)

630 3484 847 3576 Fredericus,
868 3496 935 3559 etc.
953 3486 991 3558 ln
1010 3486 1177 3560 iuvidiam
1194 3485 1348 3559 omnium
1367 3484 1562 3575 nationum,
1582 3504 1653 3579 que
1668 3483 1881 3577 quibuslibet
1897 3483 1990 3557 orbis

582 3611 723 3703 regibus
744 3620 779 3683 et
800 3620 889 3683 terre
911 3609 1126 3705 principibus
1146 3618 1228 3686 sunt
1251 3608 1423 3700 subjecte,
1449 3628 1519 3681 non
1540 3608 1652 3681 solum
1671 3606 1787 3680 debite
1807 3606 1908 3698 lidei,
1928 3608 1989 3681 sed

583 3736 699 3807 innata
715 3736 897 3826 cujusdam
913 3734 1100 3807 affectionis
1114 3734 1225 3805 nolum
1242 3730 1361 3806 fideles
1375 3731 1473 3825 regni
1488 3729 1602 3803 Sicilie
1618 3752 1754 3826 semper
1769 3728 1816 3803 ad
1830 3730 1990 3803 dominos

583 3858 792 3931 babuemnt.
821 3858 889 3931 Sed
913 3866 1095 3952 postquam
1119 3855 1167 3929 ad
1190 3856 1288 3950 regni
1312 3876 1439 3929 nomen
1465 3864 1553 3929 terro
1574 3864 1644 3927 tam
1669 3854 1794 3927 nobilis
1820 3854 1986 3945 ambitus,

585 4004 691 4076 quam
708 3983 795 4055 inter
809 4002 847 4055 se
863 4003 926 4077 per
942 3980 1089 4054 vicarias
1101 3980 1343 4075 occupantium
1356 3980 1502 4072 injurias
1513 3980 1745 4053 Romanorum
1761 3988 1794 4051 et
1805 3980 1989 4052 Grecorum

586 4105 728 4200 imperia
748 4100 845 4201 [non]
864 4105 1012 4199 placidis
1032 4103 1162 4177 linibus
1185 4104 1407 4194 dividebant,
1432 4104 1587 4177 virtuosa
1608 4103 1777 4195 majorum
1797 4112 1989 4175 uosuorum

585 4238 619 4301 et
642 4229 751 4324 prima
776 4228 1048 4303 consolidatione
1070 4228 1246 4323 pervenit,
1273 4229 1309 4299 in
1336 4236 1468 4301 tantum
1494 4228 1588 4321 regie
1609 4226 1787 4320 dignitatis
1809 4248 1934 4299 nomeu
1956 4239 1991 4299 et

586 4353 710 4425 solium
737 4351 892 4425 dilexere
915 4353 1108 4447 regnicole‚
1136 4362 1190 4444 ut,
1216 4350 1347 4425 eisdem
1370 4350 1644 4425 antecessoribus
1668 4350 1795 4424 nostris
1814 4350 1860 4423 ab
1883 4352 1934 4423 sis
1954 4352 1991 4422 in

596 4670 600 4677 ·
621 4656 659 4731 (ll
675 4658 715 4716 lte
728 4660 848 4733 tempore
858 4672 913 4734 quo
922 4656 993 4718 baso
1002 4658 1101 4733 scripta
1110 4658 1190 4717 buerit
1202 4657 1315 4733 epistola
1325 4656 1392 4716 satis
1403 4656 1473 4715 bene
1486 4670 1536 4716 nos
1547 4656 1691 4715 Riccordus
1703 4656 1738 4713 de
1750 4656 1848 4715 saneto
1857 4654 1991 4713 damano

585 4756 692 4828 edocet,
705 4771 768 4814 cum
780 4756 853 4815 dicat
872 4772 880 4812 r
900 4756 1022 4816 «blenau
1038 4756 1174 4815 lebrumio
1189 4755 1279 4829 (⁴2³7)
1294 4756 1399 4813 litterae
1415 4754 1567 4829 imperiales
1579 4754 1664 4812 lectae
1681 4758 1745 4810 sunt
1765 4753 1792 4809 in
1807 4750 1904 4810 Sancto
1923 4752 1990 4809 Ger·

585 4869 665 4911 mauo
673 4854 838 4929 deceptione
845 4853 1001 4915 Vincentius
1008 4860 1037 4913 et
1044 4855 1157 4913 decora
1167 4854 1336 4927 imperatoris
1345 4852 1418 4928 prole
1427 4852 1545 4927 [eodm
1559 4852 1593 4911 de
1608 4867 1678 4911 nora
1692 4856 1817 4909 consorte
1829 4854 1962 4923 amcepta.
1974 4868 1988 4901 a
