4859 6359
630 706 692 769 602
1151 705 1325 767 flenalct
1349 704 1520 767 831¹less
1858 710 1940 792 [boa.
1958 712 2044 775 1288.

716 840 811 920 (Edlt.
826 857 873 919 ap.
899 840 1077 919 Semnan,
1095 842 1170 905 litat.
1192 841 1280 921 epiro.
1300 840 1457 917 wasone,
1476 840 1544 904 cod.
1561 839 1699 922 probae,
1717 859 1751 921 p.
1769 850 1844 920 tu,
1861 845 2043 923 mmm,

753 964 791 1011 ex
808 946 920 1009 arebla.
936 948 1025 1025 episc.
1041 947 1203 1027 Wormat.)

681 1106 863 1199 Henricns,
879 1107 941 1181 Dei
951 1106 1302 1203 gratialtomanorum
1316 1128 1382 1180 rex
1398 1117 1581 1203 etssmper
1593 1116 1778 1203 angustus,
1792 1109 1966 1185 universis
1979 1111 2044 1185 im·

632 1230 718 1327 perii
736 1226 897 1304 fidelibus
912 1232 1057 1325 gratiam
1070 1252 1170 1306 suam
1188 1243 1338 1307 stomne
1354 1230 1499 1303 bonum.
1515 1230 1587 1305 Hae
1602 1238 1655 1304 est
1665 1232 1776 1305 forma
1787 1234 2044 1329 compositionis

629 1363 747 1427 nostro
768 1352 955 1428 accedente
973 1376 1143 1428 consensu
1170 1356 1259 1427 inter
1281 1352 1446 1427 dilectum
1466 1352 1657 1449 principem
1680 1365 1836 1426 nostrum
1856 1355 2043 1431 ilenrionm

629 1477 911 1551 Wormatiensem
927 1478 1128 1575 episcopum
1149 1500 1230 1551 cum
1250 1477 1397 1552 ecclesia
1409 1497 1474 1550 sua
1491 1484 1526 1549 st
1546 1475 1644 1551 cives
1661 1476 1942 1553 Wormatienses.
1961 1480 2043 1555 Pra-

629 1601 759 1695 positus
773 1602 884 1695 major
896 1602 952 1675 vel
966 1601 1119 1677 decanus
1135 1603 1193 1676 vel
1205 1610 1321 1675 eustoe
1338 1600 1437 1674 Nove
1452 1602 1601 1693 Domus,
1622 1622 1716 1674 unus
1729 1601 1893 1696 istorum,
1909 1604 2041 1697 jurabit

628 1724 828 1797 inanimam
845 1724 996 1820 episcopi
1011 1725 1108 1820 quod
1123 1726 1198 1821 ipse
1216 1724 1402 1821 episcopus
1416 1724 1521 1819 eliget
1537 1724 1627 1799 inter
1649 1724 1745 1799 ciues
1759 1726 1807 1798 lX
1820 1726 1932 1821 cives,
1952 1748 2042 1824 quos

625 1868 700 1923 sese
713 1848 840 1922 viderit
860 1848 1010 1943 potiores
1032 1860 1068 1922 et
1090 1850 1245 1923 utiliores
1261 1848 1328 1923 sibi
1346 1856 1382 1923 et
1399 1848 1546 1923 ecclesie
1564 1869 1607 1922 ae
1624 1848 1687 1922 toti
1703 1849 1849 1923 civitati.
1865 1850 1974 1925 lidem
1992 1852 2040 1925 lx

621 1973 728 2067 jurati
740 1972 868 2066 eligent
879 1972 924 2045 lll
932 1973 1057 2047 milites
1069 1974 1104 2046 in
1118 1973 1259 2048 civitate
1270 1994 1447 2069 quoseese
1460 1970 1829 2069 crediderintpotiores
1841 1982 1876 2046 et
1888 1974 2040 2051 utiliores

624 2096 805 2191 episcopo,
832 2096 976 2169 ecelesia
994 2118 1036 2171 ac
1055 2096 1199 2170 civitati.
1219 2096 1286 2183 Qui
1301 2096 1365 2169 XV
1380 2117 1452 2169 una
1468 2116 1549 2168 cum
1565 2095 1727 2192 episcopo
1746 2116 1884 2193 semper
1897 2098 2039 2173 condlio

624 2217 861 2315 presidabunt.
882 2218 1025 2305 Quodsi
1042 2220 1225 2317 episcopus
1236 2220 1314 2292 ierit
1325 2228 1427 2293 extra
1438 2218 1667 2313 provinciam,
1682 2239 1865 2313 personam
1876 2219 2038 2293 idoneam

621 2364 692 2439 que
708 2343 848 2417 nomine
865 2364 931 2417 suo
949 2346 1097 2419 oonsilio
1115 2344 1301 2442 presideat,
1321 2343 1538 2438 subrogabit.
1560 2342 1644 2416 ltem
1659 2343 1845 2441 episcopus
1860 2366 1940 2417 cum
1963 2346 2038 2420 istis

620 2466 682 2540 XV
700 2488 804 2563 super
815 2468 1048 2559 juramentum
1066 2470 1245 2565 prestitum
1258 2468 1387 2564 eligent
1409 2468 1594 2540 scultetum
1618 2488 1699 2539 cnm
1721 2466 1879 2541 officiatis
1895 2468 1932 2539 in
1949 2468 2036 2542 iaato

620 2591 775 2681 Martini,
794 2592 841 2664 ita
852 2592 947 2687 quod
961 2616 1025 2668 nec
1038 2586 1223 2689 episcopus
1236 2612 1303 2666 nec
1315 2591 1383 2687 ipsi
1398 2590 1460 2664 XV
1478 2612 1633 2686 unquam
1646 2591 1859 2685 exigentvel
1871 2590 2037 2688 recipient

619 2713 702 2787 inde
720 2714 872 2811 aliquam
891 2717 1091 2811 mcuniam,
1116 2718 1202 2790 tales
1226 2715 1388 2811 eligendo
1412 2715 1475 2811 qui
1498 2716 1632 2811 possint
1659 2716 1823 2813 episcopo
1844 2726 1879 2790 et
1905 2716 2036 2790 civitati

618 2838 771 2927 servire,
803 2840 932 2913 nullam
957 2841 1142 2914 amicitiam
1167 2841 1224 2913 vel
1250 2838 1464 2912 inimicitiam
1482 2838 1520 2911 in
1541 2838 1597 2913 his
1622 2839 1795 2934 eligendis
1810 2838 2032 2915 attendendo.

618 2962 702 3035 Item
719 2960 766 3035 ad
785 2964 1065 3039 constituendum
1081 2964 1299 3039 exactionem
1317 2962 1375 3037 vel
1392 2962 1531 3057 ungalt,
1559 2962 1744 3060 episcopus
1764 2984 1844 3037 cum
1870 2962 2036 3059 predictis

617 3086 681 3158 XV
694 3084 740 3159 de
756 3087 912 3181 qualibet
928 3088 1092 3184 parocbia
1107 3089 1152 3162 lV
1169 3089 1264 3163 viros
1284 3095 1459 3175 assumet,
1485 3108 1606 3161 eorum
1634 3096 1670 3163 et
1685 3088 1749 3160 XV
1763 3076 2035 3162 consiliationem

617 3210 759 3283 oonsilio
780 3211 928 3285 civitatis
946 3210 1515 3309 commodoprovisurus.Siunus
1532 3210 1661 3285 axillis
1672 3210 1721 3283 IX
1734 3208 1935 3303 decesserit,
1965 3210 2034 3307 epi·

617 3354 745 3430 scupus
762 3335 908 3407 alterum
926 3334 1111 3409 substituet
1128 3337 1195 3409 sub
1212 3338 1322 3411 forma
1334 3335 1459 3432 prioris
1471 3336 1684 3429 juramenti3
1704 3334 1737 3407 ai
1753 3334 1855 3409 dall
1867 3334 2034 3407 militibus

616 3459 802 3553 quisquam
820 3456 1022 3549 decesserit,
1041 3460 1090 3531 illi
1099 3461 1145 3531 lll
1154 3460 1296 3555 prestito
1307 3462 1503 3553 juramento
1516 3460 1584 3531 sub
1597 3460 1707 3531 torma
1719 3458 1874 3555 predicta
1886 3458 2033 3532 alterum

617 3580 868 3674 subrogabant.
889 3582 925 3655 Si
943 3583 1022 3677 quis
1040 3604 1123 3657 vero
1144 3584 1207 3656 llll
1230 3583 1503 3656 consiliariorum
1527 3590 1645 3656 contra
1667 3585 1903 3678 juramentum
1928 3602 2031 3655 snum

617 3705 769 3797 venerit,
790 3705 969 3781 convictus
982 3706 1121 3781 duabus
1133 3708 1189 3781 vel
1205 3706 1317 3779 tribus
1329 3706 1486 3801 personis
1499 3706 1546 3781 de
1562 3706 1733 3781 consortio
1750 3726 1816 3779 sno
1831 3704 2033 3779 auctoritate

616 3828 770 3925 episcopi
786 3850 807 3901 a
824 3831 967 3904 oonsilio
990 3830 1163 3924 eiicietur,
1191 3830 1298 3905 altero
1314 3826 1367 3903 illi
1389 3830 1458 3905 snb
1475 3830 1586 3904 torma
1612 3829 1718 3926 priori
1732 3828 1970 3921 subrogando.
1994 3829 2032 3903 Si

617 3950 662 4025 de
674 3953 719 4027 Vl
736 3952 903 4027 militibus
920 3954 1046 4050 aliquis
1063 3976 1102 4029 se
1119 3975 1331 4051 perannum
1346 3953 1598 4046 absenmverb,
1617 3953 1703 4027 alter
1717 3953 1754 4026 iu
1771 3953 1887 4026 locum
1900 3953 1976 4047 ejus
1986 3952 2032 4027 ab

617 4074 685 4148 illis
704 4076 752 4149 lX
765 4076 911 4171 eligetur
932 4104 941 4148 ε
963 4078 993 4149 si
1008 4099 1091 4152 uero
1104 4077 1209 4153 delX
1223 4078 1360 4153 civibus
1373 4100 1412 4152 se
1425 4079 1769 4175 aliquieperannum
1781 4076 2029 4163 absentaverit,

525 4292 528 4305 Ι
617 4196 779 4271 dominus
797 4199 981 4297 episcopus
1003 4202 1040 4272 in
1061 4202 1175 4275 locum
1193 4202 1271 4294 ejus
1287 4202 1432 4275 alterum
1449 4200 1665 4299 subrogabit.
1686 4201 1723 4275 Si
1745 4200 1827 4296 quis
1850 4209 1968 4274 autem
1986 4198 2033 4275 de

615 4322 678 4395 XV
696 4322 899 4397 consiliariis
916 4324 1154 4421 peregrinatus
1165 4325 1288 4419 suerit,
1307 4326 1393 4400 aller
1408 4347 1520 4421 usque
1533 4322 1581 4399 ad
1598 4324 1749 4400 reditum
1765 4324 1860 4397 illins
1878 4344 2032 4397 asenne

617 4454 689 4537 tur,
709 4448 757 4521 ita
770 4448 912 4545 quodsi
933 4450 1035 4525 luerit
1059 4450 1174 4543 miles,
1200 4450 1248 4522 IX
1269 4451 1427 4525 eonsules
1447 4451 1593 4525 alterum
1616 4450 1760 4525 militem
1781 4458 1974 4537 assument,
2002 4448 2030 4522 si

617 4570 720 4643 fuerit
735 4572 840 4667 civis,
860 4574 1043 4671 episcopus
1057 4576 1201 4649 alterum
1222 4576 1334 4651 civem
1352 4575 1549 4649 substituet.
1564 4574 1608 4647 Ut
1625 4584 1742 4648 autem
1755 4574 1821 4647 bec
1835 4583 1910 4647 rata
1923 4582 1957 4645 et
1970 4572 2031 4644 in-

619 4696 785 4770 conuulsa
801 4710 1070 4792 permaneantet
1084 4698 1327 4774 inuiolabiliter
1343 4700 1588 4789 observentur,
1608 4701 1752 4773 formam
1772 4698 1863 4771 bane
1882 4716 2030 4792 compo—

618 4818 752 4892 sitionis
760 4820 872 4915 sigillo
884 4832 999 4897 nostre
1012 4822 1406 4917 celsitudinisjussimus
1420 4822 1586 4899 roborari.
