4859 6359
592 776 653 839 cto
1033 774 1036 783 ·
1114 784 1287 847 annnrcr
1315 784 1484 849 suuntur
1816 787 1898 865 [naa.
1917 787 2004 851 assa.

640 914 768 987 Datum
794 913 891 1009 apud
912 916 1154 1013 Ratisponam,
1175 942 1268 995 anno
1292 921 1466 1000 dominice
1490 919 1734 995 incarnationis
1756 920 2003 1015 MCCXXthl,

592 1036 638 1113 tv
656 1036 738 1113 idus
755 1035 874 1133 aprilis
892 1038 959 1137 (t),
982 1041 1191 1133 [indictione
1203 1046 1282 1136 vt]

1612 1354 1784 1368 ...am—u·-

643 1622 853 1733 Henricu's,
891 1624 1153 1709 Romanorum
1188 1652 1282 1735 rex,
1315 1626 1477 1711 chrieo
1509 1626 1789 1712 Constantieusi
1828 1629 2005 1741 episcopo

589 1757 761 1840 concedit
793 1754 1008 1841 libertatem
1042 1760 1287 1845 construendi
1312 1770 1351 1843 et
1388 1760 1557 1845 habendi
1592 1760 1721 1845 forum
1757 1763 2003 1873 septimanalc

586 1888 628 1971 in
647 1888 832 1974 suburbio
851 1892 966 1973 castri
983 1891 1196 2003 Mersburg.

671 2104 789 2188 (incdit.
805 2124 843 2169 ex
858 2104 993 2169 Gtcrtad.
1007 2108 1161 2187 episcopal.
1181 2106 1422 2176 consonarum,
1439 2106 1491 2169 iol.
1509 2116 1580 2183 106,
1593 2106 1625 2169 ln
1638 2107 1760 2169 archivo
1772 2104 2002 2189 thruhensi.)

636 2294 697 2384 Η.,
717 2293 779 2367 Dei
798 2294 906 2389 gratia
924 2294 1154 2368 Romanorum
1178 2316 1243 2368 rex
1262 2304 1298 2368 et
1312 2317 1449 2392 semper
1465 2304 1648 2391 augustus,
1672 2296 1845 2370 universis
1864 2297 2003 2394 imperii

587 2416 749 2492 fidelibus
764 2419 893 2514 quibus
910 2418 976 2492 hee
990 2420 1088 2493 litere
1105 2421 1394 2513 ostensetuerint‚
1410 2422 1557 2516 gratiam
1571 2432 1718 2497 suamet
1736 2443 1839 2497 omne
1854 2423 1997 2496 bonum.

586 2543 623 2615 Si
651 2541 779 2619 devote
800 2542 900 2616 uobis
921 2552 956 2616 et
973 2541 1119 2617 fideliter
1141 2545 1389 2619 famulantibus
1413 2544 1460 2619 de
1486 2545 1706 2641 providentia
1733 2546 1868 2620 consilii
1893 2547 2000 2621 nostri

448 2738 451 2750 ,
586 2666 732 2760 gratiam
761 2667 995 2763 impendimus
1028 2669 1234 2763 specialem,
1265 2691 1335 2745 non
1365 2669 1575 2765 ambigimus
1602 2694 1665 2767 per
1692 2670 1760 2745 hoc
1789 2672 1921 2747 alienos
1954 2670 2002 2745 ad

441 2804 445 2811 “
540 2806 552 2827 ”
584 2792 793 2887 promptiora
815 2792 982 2887 obsequia
1004 2791 1162 2866 invitare.
1184 2793 1272 2866 Hinc
1295 2793 1466 2890 estquod
1488 2816 1553 2868 nos
1574 2794 1790 2869 attendentes
1811 2796 2001 2892 preclaram

584 2914 690 2990 fidem
710 2925 745 2989 et
768 2916 1011 3013 obsequiosam
1037 2916 1257 2991 devotionem
1281 2918 1397 2993 dilecti
1419 2919 1586 3015 principis
1603 2919 1712 2993 nostri
1729 2920 1772 2991 H.
1793 2918 2001 2993 uenerabilis

584 3039 851 3115 Constantiensis
875 3042 1051 3139 episcopi,
1070 3042 1218 3136 gratiam
1241 3042 1275 3116 ei
1292 3044 1395 3117 talem
1411 3044 1557 3117 fecimus
1572 3053 1608 3117 et
1626 3042 1788 3118 dedimus
1809 3040 2000 3117 libertatem

584 3167 804 3241 construendi
829 3176 864 3241 et
883 3166 1038 3241 habendi
1064 3168 1176 3241 iorum
1198 3167 1425 3263 septimanale
1449 3168 1486 3239 in
1502 3168 1671 3242 suburbio
1693 3170 1795 3243 castri
1811 3169 1868 3241 sui
1889 3169 2001 3243 dtas-

580 3312 672 3389 purg
696 3292 733 3363 in
769 3313 811 3365 ea
837 3290 899 3365 die
928 3292 1017 3365 sicot
1045 3290 1090 3364 de
1119 3292 1263 3365 coneilio
1290 3312 1355 3366 suo
1378 3291 1521 3367 duxerit
1547 3292 1793 3385 statuendum,
1822 3292 1861 3366 id
1885 3294 2000 3391 ipsum

581 3417 695 3490 forum
723 3417 756 3489 ei
783 3416 927 3513 suisque
953 3416 1211 3489 successoribus
1236 3418 1437 3491 auctoritate
1464 3418 1562 3513 regia
1586 3416 1838 3492 confirmantes.
1860 3418 1937 3505 Qua
1955 3416 2000 3491 de

581 3556 621 3609 re
648 3534 857 3607 mandemus
881 3534 948 3609 sub
980 3535 1258 3609 interminatione
1289 3537 1399 3631 gratie
1429 3545 1546 3623 nostre
1563 3535 1750 3610 districtius
1772 3536 2000 3633 precipientes

583 3666 623 3733 ut
640 3659 755 3733 uultus
781 3660 827 3731 sit
851 3660 913 3755 qui
931 3659 1137 3753 jamdictum
1161 3659 1354 3755 principem
1370 3670 1527 3733 nostrum
1547 3681 1701 3757 suosque
1724 3681 1941 3735 successores
1964 3662 2001 3733 in

583 3782 733 3878 gratiae
754 3791 871 3857 nostra
895 3782 1101 3856 celsitudine
1125 3783 1191 3855 sibi
1216 3781 1299 3858 data
1327 3784 1455 3859 audeat
1480 3783 1652 3879 impedire
1671 3784 1730 3858 vel
1750 3783 1943 3880 dampnum
1966 3783 1999 3856 ei

582 3908 727 4004 suisque
750 3908 1005 3983 successoribus
1028 3917 1089 3981 aut
1114 3930 1302 4003 gravamen
1326 3906 1469 4004 aliquod
1491 3909 1657 4002 irrogare.
1685 3907 1788 3993 Quod
1822 3907 1884 4002 qui
1910 3928 2001 3981 ausu

584 4033 711 4111 ductus
739 4034 919 4109 temerario
944 4036 1055 4108 iacere
1078 4034 1345 4130 presumpserit,
1371 4034 1460 4107 iram
1486 4041 1639 4106 nostram
1663 4053 1805 4127 gravem
1824 4030 1951 4104 sentiat
1966 4038 2001 4103 et

585 4158 764 4233 offensam.
783 4157 841 4232 Ad
864 4158 965 4252 cujus
989 4158 1072 4231 iacti
1097 4158 1204 4231 nostri
1227 4158 1335 4231 robur
1359 4156 1396 4229 iu
1422 4167 1599 4252 posterum
1621 4156 1828 4247 valiturum,
1858 4174 2001 4251 presens

585 4283 809 4381 privilegium
825 4282 995 4360 conscribi
1012 4291 1047 4355 et
1064 4282 1177 4375 sigilio
1193 4290 1311 4354 nostro
1327 4279 1494 4354 duximus
1512 4277 1686 4371 insigniri.

634 4406 722 4483 Acta
738 4415 820 4481 suut
835 4408 901 4481 hec
917 4407 954 4479 in
969 4414 1079 4481 castro
1092 4406 1325 4502 epagomene,
1341 4405 1458 4479 multis
1471 4402 1849 4501 presentibusquorum
1860 4398 2000 4473 nomina

626 4718 661 4794 (t)
679 4718 763 4776 Notas
775 4716 977 4789 chronologicas
999 4729 1069 4787 quae
1089 4712 1197 4771 omuino
1215 4712 1287 4787 apud
1303 4713 1426 4771 Martone
1439 4710 1635 4781 desiderentur,
1646 4724 1719 4766 nunc
1741 4708 1859 4784 primum
1880 4705 1998 4778 integras

588 4816 722 4889 addimus,
734 4832 768 4875 ex
779 4815 871 4875 notitia
885 4814 987 4873 archivi
998 4810 1120 4871 Vaticani
1135 4827 1180 4887 ap.
1193 4812 1293 4881 Puera,
1303 4811 1417 4882 Archiv,
1433 4815 1454 4867 t.
1463 4810 1524 4884 vu,
1536 4827 1565 4885 p.
1578 4811 1623 4867 ³0.
1634 4808 1741 4883 Optime
1754 4806 1827 4864 euim
1839 4811 1897 4862 tum
1909 4815 2000 4861 rurum

589 4914 687 4987 ordini,
702 4919 760 4971 tum
772 4912 859 4969 itineri
872 4912 979 4970 Henrici
991 4912 1061 4986 regis
1074 4910 1245 4969 conueniunt.
