4859 6359
599 734 661 799 842
1081 736 1319 800 intuuntur
1343 735 1519 800 sncuttut
1819 739 1902 827 [nn.
1918 743 2005 808 lm

603 868 778 961 cellerius,
796 868 1018 944 vicedomini
1032 867 1170 946 Siien'di
1186 871 1387 968 Meguntine
1400 871 1496 946 redis
1507 869 1756 970 archiepiscopi
1769 885 1807 952 et
1819 877 1857 950 in
1868 878 2008 955 Germe·

602 992 661 1066 nio
677 991 984 1086 archicancellarii,
1007 996 1205 1090 recognovi.

650 1113 736 1190 Acte
753 1125 834 1190 sunt
845 1116 911 1192 hec
926 1140 1018 1193 enno
1032 1117 1205 1194 dominice
1218 1117 1464 1194 incarnationis
1482 1118 1668 1196 millesimo
1689 1121 1928 1199 ducentesimo
1946 1125 2008 1198 tn'·

602 1240 730 1314 cesimc
744 1249 860 1334 sexto,
878 1261 998 1316 mense
1016 1241 1140 1335 medii,
1167 1263 1259 1318 none
1280 1241 1498 1335 indictionis,
1517 1243 1708 1341 impetente
1726 1246 1871 1322 dominc
1891 1257 2008 1322 nocuo

599 1362 772 1438 Friderico
791 1364 947 1438 secundo
971 1365 1034 1438 Dei
1059 1367 1170 1460 gretie
1193 1367 1428 1440 Romanorum
1450 1367 1657 1464 imperntore
1683 1391 1819 1466 semper
1838 1382 2004 1468 angusto,

600 1487 787 1560 ierusalem
802 1495 837 1560 et
849 1487 965 1563 Sicilie
979 1509 1081 1584 rege,
1100 1490 1245 1563 liomnni
1259 1490 1395 1584 imperii
1407 1491 1485 1583 ejns
1498 1511 1591 1565 enno
1608 1491 1755 1588 septimo
1774 1493 1927 1585 decimo,
1950 1497 2006 1570 ie·

599 1610 749 1684 ruralem
763 1610 968 1704 undecimo,
993 1613 1093 1706 regni
1107 1633 1192 1688 vern
1204 1613 1282 1706 ejus
1294 1613 1410 1686 Sicilie
1423 1634 1515 1688 enno
1528 1614 1701 1690 trioesimo
1712 1617 1876 1714 septimo,
1902 1619 2007 1694 tuici-

597 1742 660 1807 ter.
674 1733 796 1808 Amen.

647 1859 773 1932 Datum
786 1857 882 1956 opud
898 1859 1185 1957 Wetpheieriem,
1206 1882 1316 1954 enno,
1334 1881 1471 1950 mense,
1489 1860 1678 1937 indictione
1690 1864 1901 1962 prosmiptis.

833 2173 1774 2190 mmm-ow

648 2456 854 2568 Gregorius
898 2483 998 2567 pepe
1033 2457 1316 2569 archiepiscopo
1354 2459 1577 2571 Mogontino
1612 2459 1773 2544 mandet
1811 2468 1855 2546 ut
1888 2461 2006 2546 electo

594 2589 881 2698 Wormetiensi,
911 2589 1119 2700 sialiquod
1144 2591 1372 2676 canonicum
1390 2617 1470 2676 non
1501 2591 1669 2702 obsistit,
1689 2617 1833 2678 munus
1862 2617 2006 2678 conee-

593 2723 772 2808 crationis
796 2723 1005 2834 impendet.

674 2932 769 3016 (nort.
788 2952 837 3016 up.
855 2937 1078 3012 πωπω,
1101 2915 1174 3004 Noc.
1196 2935 1307 3002 murt.
1328 2934 1492 3020 mouns,
1505 2944 1531 3002 r.
1550 2939 1610 3016 lx,
1623 2956 1657 3019 p.
1679 2947 1733 3016 ro,
1747 2954 1787 3002 ex
1804 2945 1912 3020 reget
1927 2939 2006 3004 ers·

713 3058 777 3122 gor.
792 3041 848 3120 lx,
864 3059 943 3105 nnnc
953 3041 994 3118 X,
1008 3052 1042 3105 n⁰
1055 3047 1120 3122 69.)

642 3228 845 3324 Gregorius,
863 3236 949 3323 etc,
970 3229 1162 3304 venerabili
1177 3229 1273 3304 tratri
1283 3229 1544 3327 archiepiscopo
1553 3228 1756 3325 Msgundno
1763 3228 2003 3323 situum'etc.

594 3353 658 3428 Per
676 3353 805 3426 litterae
833 3361 912 3426 tues
936 3374 982 3427 nn
1004 3351 1051 3426 ed
1076 3352 1367 3428 consecrationem
1392 3352 1509 3427 dilecti
1530 3349 1593 3426 tilii
1619 3405 1630 3424 .
1660 3403 1671 3424 .
1700 3405 1711 3424 .
1740 3351 2004 3426 Wormrciensis

595 3476 695 3550 electi
713 3475 901 3573 procedere
915 3475 1057 3567 debeas,
1076 3474 1268 3570 quesivisti.
1282 3475 1369 3548 Cum
1384 3475 1494 3569 igitur
1509 3473 1557 3549 nd
1572 3474 1770 3550 instantium
1783 3474 1954 3548 karissimi
1968 3474 2005 3546 in

597 3599 730 3674 Christo
750 3598 812 3672 filii
835 3599 943 3672 nostri
958 3599 997 3670 F.
1017 3597 1249 3672 Romanorum
1269 3597 1486 3694 imperatoris
1513 3617 1651 3694 semper
1674 3598 1831 3692 nugmti,
1860 3617 2005 3672 venere·

596 3723 724 3797 bilibus
736 3722 899 3795 tratribus
911 3719 1734 3818 nostrielldesemensietRetisponensiepiscopis
1746 3721 2004 3818 inquisitionem

597 3867 701 3942 snper
715 3843 925 3940 quibusdam
940 3845 986 3919 de
1003 3845 1134 3940 prefato
1153 3845 1261 3918 electo
1275 3843 1550 3918 commiserimus
1559 3830 1760 3919 ⁸iaciendum
1773 3866 1840 3918 nec
1854 3845 1958 3919 fuerit
1969 3845 2004 3917 in

599 3971 675 4068 ipse
691 3990 908 4066 processum,
928 3970 987 4044 illc
1005 3969 1142 4044 interim
1167 3968 1270 4044 bonis
1284 3968 1540 4066 episcopalibus
1557 3968 1725 4064 spoliato,
1751 3977 1890 4067 propter
1909 3968 2004 4063 quod

599 4093 693 4170 idem
717 4093 903 4170 adsedem
918 4093 1150 4190 Apostolicnm
1175 4093 1399 4188 personaliter
1422 4093 1592 4169 tabensis
1614 4091 1692 4191 (t);
1719 4092 1923 4168 fraternitati
1947 4103 2007 4166 tue

600 4218 806 4295 mandemus
823 4228 995 4314 quatenus
1020 4239 1065 4290 ne
1088 4216 1355 4290 wormaciensis
1376 4217 1521 4290 ecclesio
1546 4216 1658 4290 taliter
1680 4226 1818 4290 monent
1842 4216 2006 4292 destitute

600 4354 755 4442 pertore,
773 4343 959 4439 assumptis
978 4341 1118 4416 duobus
1135 4342 1192 4416 vel
1205 4341 1316 4414 tribus
1333 4340 1562 4435 suffingmeis
1579 4341 1669 4426 tuis,
1690 4339 1805 4414 eidem
1827 4341 1954 4433 eiecto,
1975 4341 2005 4413 si

480 4455 482 4461 ’
601 4467 746 4565 aliquod
761 4468 965 4542 canonicum
979 4488 1049 4542 non
1063 4466 1218 4558 obsistit,
1235 4486 1364 4539 munus
1376 4465 1642 4540 consecrationis
1653 4463 1847 4561 impendes.

650 4595 775 4670 Datum
789 4592 950 4684 viterbii,
966 4590 1011 4664 111
1023 4611 1135 4666 nonus
1149 4590 1252 4683 maii,
1269 4587 1487 4688 pontificatus
1501 4589 1608 4664 noemi
1625 4609 1718 4664 anno
1733 4586 1883 4664 docimo.

633 4847 672 4922 (t)
690 4845 751 4909 vid
765 4861 861 4922 snpra,
874 4863 903 4922 p.
916 4847 985 4922 778,
999 4853 1055 4908 not.
1068 4849 1096 4908 2.
