4859 6359
619 772 681 835 902
1115 758 1328 823 sulcante!
1354 761 1527 825 saccant
1839 764 1917 845 [des.
1935 768 2020 833 12:³6.

620 904 901 1002 predecessorum
924 905 1115 971 vestrorum
1134 895 1240 990 gestis
1260 902 1295 969 et
1311 904 1469 969 veterum
1490 906 1619 973 remota
1640 898 1827 972 virtutibus
1844 899 1907 997 (a),
1928 904 2023 998 qnod

622 1029 774 1099 Romano
793 1021 939 1118 imperio
957 1021 1061 1093 unica
1077 1019 1151 1092 sola
1177 1018 1300 1091 civitas
1330 1020 1555 1114 contradicat,
1582 1022 1710 1117 quihus
1734 1043 1804 1094 non
1830 1024 1965 1099 sutfecit
1986 1036 2024 1098 nt

621 1152 688 1246 ipsi
709 1148 813 1222 vicini
830 1144 1109 1231 succumberent,
1130 1142 1192 1216 sed
1207 1150 1348 1215 cunctas
1365 1142 1533 1217 domuere
1548 1145 1762 1240 provincias,
1783 1156 1929 1220 remotas
1943 1170 2022 1244 pos-

621 1272 778 1345 siderunt
789 1268 971 1363 Hispanias
984 1275 1018 1339 et
1032 1268 1212 1339 formosam
1228 1262 1276 1361 (h)
1295 1264 1533 1359 Carthaginem
1552 1265 1764 1341 delevemnt.
1780 1266 2024 1343 admirationis

619 1400 759 1490 quoque
774 1396 865 1486 juste
883 1390 1057 1463 maurium
1077 1386 1257 1476 omnibns,
1281 1388 1342 1459 sed
1365 1386 1465 1460 nobis
1481 1388 1643 1485 precipue
1667 1398 1782 1461 tamen
1805 1390 1905 1463 affert
1928 1392 2023 1487 quod

624 1540 702 1591 com
718 1515 819 1590 vohis
832 1513 879 1587 ad
894 1512 1040 1608 grandia
1052 1532 1122 1584 non
1136 1510 1226 1583 desit
1239 1508 1421 1603 industria,
1440 1510 1551 1583 subsit
1564 1512 1737 1597 habilitas,
1752 1536 1815 1587 cur
1825 1514 1926 1586 vobis
1939 1516 2025 1611 ipsis

625 1638 796 1733 corripitis
816 1636 971 1709 animum
988 1636 1043 1707 rel
1062 1634 1107 1707 ab
1123 1634 1199 1707 aliis
1221 1630 1390 1707 subtiliter
1411 1633 1537 1729 surripi
1556 1636 1744 1709 sustinetis.
1764 1636 2025 1731 Respondebitis

623 1764 764 1836 forsitan
784 1761 879 1857 quod
900 1761 967 1832 ista
984 1756 1157 1853 magnalia
1169 1778 1270 1849 reges
1285 1764 1320 1829 et
1338 1778 1471 1831 emam
1484 1758 1668 1831 faciebant.
1688 1760 1777 1832 Ecce
1796 1760 1892 1853 quod
1908 1779 2024 1855 regem

623 1886 758 1959 habetis
775 1894 810 1957 et
830 1904 980 1956 cesarem
997 1882 1060 1977 qui
1077 1902 1142 1976 pro
1162 1881 1374 1953 exaltatione
1396 1882 1540 1953 Romani
1562 1882 1696 1977 imperii
1717 1904 1897 1977 personam
1917 1886 2026 1979 expo·

626 2009 715 2099 suit,
736 2008 914 2080 thesauros
926 2004 1075 2099 aperuit,
1095 2003 1271 2076 laboribus
1286 2024 1355 2077 non
1375 2004 1540 2099 pepercit.
1558 2006 1686 2099 Regem
1701 2004 1835 2079 habetis
1855 2006 1918 2099 qui
1935 2027 2026 2079 som·

628 2155 711 2205 num
750 2139 903 2203 vestrum
948 2128 1119 2201 continuis
1157 2126 1485 2221 interpellationibus
1526 2127 1710 2218 excitavit3
1747 2128 1793 2201 ad
1828 2129 2027 2225 interpella·
2094 2118 2102 2127 ’

623 2257 734 2329 tiones
751 2262 884 2327 nostras
898 2262 1148 2340 verumtamen,
1169 2250 1329 2339 nimium,
1353 2248 1449 2347 quod
1475 2250 1574 2323 inviti
1594 2251 1786 2342 referimus,
1809 2250 2024 2343 obdormitis,

624 2400 765 2452 eausam
789 2385 938 2451 vescam
961 2376 1151 2469 dampnose
1180 2372 1372 2469 negligitis,
1395 2373 1532 2467 negotia
1559 2382 1676 2445 vestm
1706 2372 1791 2447 dum
1818 2374 1903 2470 ipsis
1925 2395 2026 2469 opor·

624 2505 752 2577 tunitas
772 2500 941 2597 suppetit,
962 2520 1031 2571 non
1053 2497 1193 2571 curatis.
1221 2498 1339 2593 Nuper
1360 2496 1453 2570 enim
1476 2496 1561 2569 dum
1586 2496 1621 2567 in
1646 2498 1751 2593 pratis
1772 2496 1928 2591 Auguste
1946 2497 2027 2569 vio-

623 2628 710 2700 torie
734 2634 848 2699 nostre
876 2622 1005 2697 vexilla
1028 2618 1191 2713 signifera
1221 2640 1449 2715 poneremus,
1479 2620 1735 2715 quamprimum
1762 2620 1892 2695 ibidem
1919 2631 2028 2694 eastra

625 2760 744 2825 nostra
769 2746 973 2837 defiximus,
993 2766 1056 2841 pro
1080 2743 1321 2817 reformatione
1346 2751 1456 2817 status
1482 2744 1616 2838 imperii
1638 2744 1813 2839 Liguriam
1837 2744 1953 2817 denno
1969 2766 2028 2817 re-

623 2873 748 2963 visuri,
769 2872 908 2943 nuntios
929 2876 1062 2943 sescus
1086 2867 1252 2939 instanter
1268 2866 1451 2959 exegimus
1467 2864 1534 2963 (l),
1558 2888 1646 2961 qnos
1663 2887 1744 2939 com
1762 2866 1914 2961 recipcre
1930 2866 2029 2939 nohis

626 2998 664 3067 in
686 2993 834 3090 Alpibus
856 2991 980 3066 obvios
1003 2988 1237 3079 crederemus,
1257 2988 1460 3083 priusquam
1485 3008 1548 3083 pes
1568 2997 1680 3061 noster
1706 2990 1835 3060 ltaliam
1860 2989 2030 3081 legatione

627 3126 740 3191 vestra
758 3136 828 3187 non
845 3114 922 3188 visa
946 3112 1105 3202 calcaret,
1126 3111 1220 3206 ipsos
1238 3110 1394 3183 nondum
1417 3133 1439 3184 a
1455 3110 1557 3183 vobis
1579 3110 1704 3183 electos
1725 3110 1926 3185 audivimus
1943 3132 2030 3206 quos

625 3241 766 3315 venisse
796 3236 1003 3332 jamdudum
1036 3244 1138 3308 antea
1168 3232 1312 3307 tirmiter
1338 3232 1558 3329 putabamus.
1585 3232 1654 3307 Sed
1686 3254 1787 3323 cum,
1819 3244 1920 3329 prout
1948 3255 2030 3307 vera

627 3365 813 3436 multorum
836 3358 1049 3455 experientia
1075 3356 1211 3449 docuit,
1237 3355 1340 3427 nimis
1364 3355 1401 3427 in
1428 3356 1564 3447 magnis
1587 3352 1632 3428 sit
1660 3356 1851 3450 periculosa
1877 3355 2027 3445 desidia,

628 3484 676 3559 ad
697 3484 975 3559 accelerationem
995 3483 1146 3574 ipsorum
1164 3498 1254 3573 quos
1277 3478 1324 3551 ad
1343 3478 1530 3573 imperialis
1554 3478 1746 3551 consistorii
1769 3478 1877 3552 decos
1895 3490 1930 3549 et
1948 3500 2029 3551 con-

628 3608 696 3681 silii
729 3608 836 3681 nostri
871 3605 978 3679 robur
1010 3602 1195 3676 mittendos
1227 3610 1368 3675 senatus
1397 3603 1489 3695 jam,
1527 3610 1565 3673 ut
1591 3601 1809 3695 audivimus,
1837 3602 1969 3674 censuit
1997 3612 2032 3675 et

628 3732 776 3829 populos
793 3728 1023 3816 confirmavit,
1040 3734 1153 3799 vestre
1167 3722 1408 3799 sollicitudinis
1433 3724 1587 3797 studium
1605 3725 1811 3816 excitamus,
1831 3724 2033 3820 eisdemque

669 3918 713 4000 (a)
732 3920 769 3980 ln
782 3922 924 3995 impresso
935 3919 1060 3976 nacae
1071 3914 1199 3975 obtutu.

671 4022 711 4105 (i)
733 4024 793 4099 Sto,
806 4022 930 4084 forsitan
942 4028 1043 4082 temen
1047 4018 1204 4100 semmam.

917 4178 1845 4193 *wu-

666 4287 703 4363 (t)
721 4286 827 4345 Suliret
841 4285 913 4342 circa
926 4284 1007 4341 finem
1017 4283 1086 4357 junii
1104 4281 1218 4353 mensis,
1230 4280 1328 4353 quibus
1345 4276 1440 4335 litteris
1454 4276 1549 4334 alludit
1562 4277 1706 4351 imperator
1721 4292 1805 4350 mum
1821 4275 1928 4333 abundo
1942 4276 2031 4333 dicat:

632 4385 698 4442 «lo
708 4400 790 4459 mam
802 4382 836 4439 cb
852 4381 921 4439 Urbe
932 4382 1000 4439 dun
1009 4379 1128 4437 omnium
1140 4377 1277 4434 dotatum
1290 4375 1366 4432 ltalie
1376 4374 1489 4432 nuncios
1500 4374 1654 4431 inviumus.
1665 4392 1679 4427 s
1692 4374 1761 4432 Vide
1770 4388 1865 4447 supra,
1878 4390 1907 4447 p.
1921 4376 1982 4429 oet.
1996 4374 2034 4431 lle

631 4482 778 4556 quostiam
791 4480 875 4539 frisios
885 4478 1031 4539 lliccardus
1041 4478 1076 4535 de
1087 4476 1117 4535 S.
1128 4476 1263 4533 damano
1276 4473 1320 4531 his
1332 4472 1424 4531 verbis
1437 4488 1445 4527 ε
1462 4491 1476 4525 ι
1491 4472 1584 4531 Hense
1595 4470 1661 4543 iulio
1677 4469 1816 4544 imperiale
1828 4468 1983 4525 mandabam
1999 4466 2035 4525 ad

636 4578 733 4636 Urbem
745 4584 774 4635 et
786 4576 944 4651 generaliter
955 4573 1137 4649 pchnsciam
1149 4576 1177 4629 et
1190 4568 1377 4629 lombardiam
1388 4574 1416 4625 et
1429 4582 1478 4641 per
1493 4572 1578 4625 totam
1590 4566 1735 4625 llarohfam
1749 4566 1870 4635 mittitur,
1885 4570 1916 4619 ut
1928 4568 1982 4621 tam
2000 4563 2035 4621 de

629 4676 702 4733 Urbe
713 4688 797 4747 quam
815 4673 850 4731 de
860 4670 972 4745 siugulis
987 4670 1104 4743 ipsamm
1117 4666 1314 4742 provinciarum
1327 4662 1564 4722 communitatibus
1579 4662 1607 4719 iu
1622 4662 1810 4721 lombardiam
1827 4660 1905 4733 legati
1923 4658 2033 4729 radant,

628 4776 773 4845 postquam
786 4770 848 4827 illuc
863 4770 1050 4842 imperatorem
1064 4764 1170 4823 venisse
1180 4763 1314 4821 sciverim.
1329 4780 1343 4815 a
1356 4760 1410 4820 Ubi
1421 4768 1511 4818 umen
1524 4760 1592 4817 istae
1611 4759 1712 4818 lauant
1729 4758 1832 4816 litterae
1850 4756 1969 4813 nondum
1985 4756 2035 4811 de-

627 4867 751 4940 ωςίιιιω.
