4859 6359
600 791 661 852 'le
1122 795 1294 858 nutaret
1319 792 1487 856 suurltit
1819 795 1898 872 [Asu.
1917 797 2004 858 1235.

649 928 710 1015 11„
728 928 791 1000 Dei
813 929 923 1022 potia
943 933 1174 1005 Romanorum
1194 953 1257 1004 rex
1274 939 1309 1002 et
1325 949 1459 1024 semper
1478 935 1665 1020 augustus,
1687 927 1857 1002 universis
1872 929 2005 1025 imperii

602 1050 763 1126 fidelibus
781 1064 956 1147 presentes
972 1055 1101 1128 litteras
1119 1054 1325 1150 inspecturis
1337 1053 1480 1147 gratiam
1497 1071 1596 1124 susm
1615 1058 1649 1122 et
1662 1071 1767 1123 omne
1787 1051 1930 1124 bonurn.
1952 1052 2007 1124 Ad
2162 1057 2168 1068 '

601 1176 755 1247 notitiam
770 1178 984 1268 singulorum
994 1182 1157 1252 volumus
1167 1177 1349 1274 pervenire
1361 1174 1458 1272 quod
1475 1196 1537 1248 nos
1553 1174 1678 1245 intuitu
1694 1173 1888 1248 devotionis
1900 1198 2005 1271 quarn

601 1299 648 1372 ad
659 1321 721 1372 nos
732 1297 836 1372 habet
849 1300 993 1374 dilectus
1005 1303 1168 1397 princeps
1181 1312 1296 1374 noster
1310 1297 1795 1391 venerabilisOsnaburgensis
1807 1301 2004 1395 opiscopus,

601 1423 714 1495 locum
725 1424 978 1518 argentifodine
993 1426 1029 1497 in
1047 1427 1169 1521 predio
1186 1425 1331 1499 ecclesie
1342 1445 1405 1498 sue
1421 1423 1517 1518 quod
1539 1423 1630 1517 Huyl
1645 1432 1680 1494 ot
1695 1423 1906 1496 Sterthrinlro
1923 1425 2007 1496 vul·

601 1547 950 1644 fflnoerappellatur‚
971 1549 1038 1622 sihi
1049 1561 1085 1622 et
1096 1551 1170 1622 sois
1183 1549 1439 1621 successoribus
1455 1557 1491 1620 et
1506 1546 1648 1620 ecclesie
1658 1545 1914 1642 Osnaburgensi
1926 1569 2006 1620 cum

599 1672 693 1745 omni
705 1672 785 1763 jure
800 1684 836 1745 et
851 1673 1047 1767 integritate
1070 1697 1113 1747 ao
1136 1674 1210 1746 suis
1228 1672 1441 1769 pertinentiis
1464 1671 1563 1744 titulo
1588 1671 1796 1743 contulimus
1820 1671 1949 1745 leudali
1972 1681 2008 1746 ot

599 1817 718 1868 eorum
737 1797 913 1891 perpetuis
929 1797 1051 1870 usibus
1071 1798 1291 1893 deputamus.
1318 1797 1362 1869 Ut
1384 1795 1490 1890 igitur
1513 1793 1578 1868 hec
1602 1797 1788 1868 concessio.
1805 1805 1920 1868 nostra
1940 1795 2005 1892 ipsi

598 1919 760 2016 episcopo
777 1929 812 1992 et
826 1921 899 1992 suis
916 1923 1171 1995 successoribus
1188 1943 1231 1996 ac
1247 1921 1392 1996 ecclesie
1405 1927 1590 1993 memorate
1604 1929 1677 1993 rata
1691 1929 1888 2015 permaneat
1901 1929 1936 1991 et
1948 1920 2003 1991 in·

599 2045 779 2134 convulsa,
798 2055 991 2138 presentem
1010 2047 1172 2142 paginam
1190 2046 1274 2119 inde
1291 2046 1519 2142 conscriptam
1536 2045 1749 2140 appensione
1764 2045 1869 2140 sigilli
1892 2053 2006 2118 nostro

598 2167 811 2241 celsitudinis
824 2169 969 2241 lecimus
986 2171 1202 2244 communiri.

647 2293 771 2363 Datum
790 2293 886 2387 apud
898 2295 1115 2389 Oppeulrein,
1134 2317 1226 2367 anno
1246 2293 1415 2368 dominice
1437 2293 1681 2367 incarnationis
1696 2292 1818 2366 orec
1829 2293 2002 2388 XXX⁰V·‚

600 2416 758 2492 kalendis
775 2417 907 2510 aprilis,
931 2418 1117 2492 indictione
1135 2421 1221 2491 Vlll.

827 2705 1030 2722 md.
1033 2709 1774 2722 mom—-

481 2949 497 2980 s
652 2915 749 2998 Cum
771 2943 837 2998 rex
860 2943 929 3026 per
948 2942 1092 3026 poenas
1118 2943 1280 3028 magnas
1306 2919 1406 3002 cives
1430 2917 1730 3000 Wormacicnses
1756 2917 1906 2999 ducere
1926 2939 2005 2998 non

549 3021 559 3047 ’
597 3059 738 3156 posset,
760 3050 890 3132 statim
911 3060 997 3159 post
1014 3049 1160 3134 Pascha
1177 3049 1226 3161 (8
1245 3051 1376 3161 april.)
1400 3075 1502 3134 anno
1524 3049 1770 3158 llCCXXllV,
1791 3049 2006 3132 convocatis

596 3185 775 3269 omnibus
799 3187 879 3270 suis
901 3185 1115 3270 fautoribus
1137 3189 1178 3268 in
1205 3187 1379 3297 partibus
1405 3187 1508 3292 istis,
1531 3185 1657 3292 uenit,
1687 3194 1723 3267 et
1749 3193 2007 3268 convenerunt

596 3321 698 3429 apud
724 3318 976 3427 Oppenheim.
997 3319 1046 3401 Et
1072 3319 1112 3399 in
1135 3320 1197 3402 die
1215 3321 1337 3404 sancti
1359 3321 1474 3405 Marci
1496 3317 1761 3428 ewangelistae
1780 3317 1853 3426 (23
1872 3313 2003 3425 april.)

594 3453 748 3535 mittens
768 3451 865 3562 (sic)
884 3477 949 3535 eos
973 3451 1227 3536 Wormatiam
1245 3479 1334 3536 cum
1352 3454 1523 3566 quinque
1541 3451 1646 3534 mille
1669 3451 1825 3534 armatis
1850 3459 1887 3531 et
1912 3447 2006 3558 plu-

594 3585 715 3668 ribus.
729 3585 805 3682 Qui
831 3583 1022 3666 uenientes
1048 3584 1144 3666 hora
1174 3585 1317 3693 prima,
1342 3585 1511 3702 uolentes
1541 3583 1680 3668 civitati
1710 3607 1869 3688 nocere,
1900 3579 2006 3690 quod

596 3719 803 3829 adimplere
820 3743 898 3801 non
921 3729 1114 3828 poterant3
1134 3720 1202 3802 sed
1219 3729 1347 3804 tamen
1366 3721 1406 3800 in
1429 3718 1613 3804 suburbio
1636 3715 1796 3800 civitatis
1813 3715 1918 3826 quod
1935 3713 2004 3795 di-

597 3853 695 3935 citur
729 3853 780 3934 ad
812 3863 986 3938 sanctum
1020 3852 1265 3961 Michaelem‚
1289 3853 1443 3965 triginta
1478 3855 1613 3936 domos
1640 3849 1700 3933 rel
1726 3849 1841 3959 paulo
1877 3847 2005 3956 plures

595 3985 951 4069 combusserunt.A
983 3987 1128 4101 civibus
1163 4013 1253 4071 vero
1288 3987 1413 4070 taliter
1443 3985 1563 4070 coacti
1597 3983 1744 4094 sagittis
1775 3993 1812 4064 et
1843 3978 2002 4089 pugnis,

598 4119 727 4202 statim
748 4120 844 4202 hora
866 4131 971 4202 sexta
996 4121 1135 4206 reversi
1164 4133 1255 4204 sunt
1279 4121 1516 4231 Oppenhcim
1539 4121 1589 4202 ad
1612 4142 1726 4200 suum
1748 4139 1891 4223 regem.
1913 4111 2005 4193 Erat

597 4263 726 4336 autem
750 4251 930 4336 intereos
946 4254 1158 4337 Friderious
1174 4280 1302 4338 comes
1324 4255 1373 4336 de
1398 4253 1584 4362 Liningen
1612 4259 1649 4332 et
1676 4247 1853 4330 Silvester
1878 4267 2004 4326 comes

597 4399 634 4471 et
652 4387 717 4469 alii
739 4387 851 4468 multi
878 4387 1034 4470 comites
1062 4398 1099 4470 et
1124 4387 1292 4490 nobiles,
1311 4412 1477 4498 quorum
1505 4384 1623 4494 aliqui
1650 4379 1802 4462 interim
1824 4403 1914 4460 cum
1945 4375 2004 4456 ci-

597 4520 709 4604 vibus
735 4529 1032 4627 composuerunt
1057 4530 1138 4600 tam
1168 4521 1413 4630 petitionibus
1439 4543 1559 4630 quam
1593 4515 1709 4599 ctiam
1734 4507 1942 4618 denariis(
1969 4508 1999 4618 ).

597 4654 729 4733 lanai.
757 4657 930 4732 Wormnt.
951 4677 1014 4762 ap.
1035 4651 1225 4756 Boenasa,
1247 4660 1390 4751 Fontes,
1412 4662 1442 4735 t.
1464 4651 1516 4756 ll,
1536 4676 1576 4758 p.
1601 4649 1691 4730 179.

632 4914 668 4990 (l)
687 4916 745 4972 lluc
766 4913 836 4971 beno
854 4913 979 4974 oonronit
999 4915 1071 4988 quod
1098 4915 1212 4989 legimus
1234 4915 1261 4970 in
1281 4915 1382 4973 Ausul.
1407 4915 1517 4990 Arguat.
1540 4929 1585 4988 ap.
1606 4911 1757 4980 umes,
1777 4907 1886 4972 Furta,
1909 4909 1929 4959 t.
1951 4900 2001 4972 lut
