4859 6359
642 806 706 872 684
1164 810 1336 872 llENlilCl
1360 807 1528 878 SEP'l'lbss
1864 813 1944 894 [Atra.
1964 816 2050 880 1234

646 939 783 1014 fidelem
794 949 949 1014 nostrum
967 942 1165 1026 Heinricnm
1181 945 1226 1018 de
1237 944 1338 1016 Nilen
1350 944 1397 1018 ed
1412 943 1652 1018 executionem
1665 943 1898 1038 predictorum
1913 951 2054 1026 alaterc

646 1073 764 1140 nostro
780 1063 949 1138 duximus
966 1065 1223 1142 destinandum.
1241 1067 1342 1152 Quod
1355 1067 1507 1142 officium
1525 1068 1592 1141 sibi
1608 1069 1827 1145 commissum
1843 1075 1979 1148 anobis
1990 1097 2052 1171 pro

645 1207 749 1283 posse
766 1198 802 1262 et
823 1209 925 1264 nosse
946 1187 1096 1264 fideliter
1116 1201 1302 1283 executus,
1334 1191 1422 1266 inter
1444 1203 1557 1266 cetera
1578 1191 1728 1290 quedam
1752 1205 1863 1270 castra
1883 1199 2051 1274 nobilium

644 1312 800 1386 virorum
818 1313 960 1384 fratrum
982 1313 1028 1386 de
1043 1313 1245 1388 Hobeulocb
1269 1315 1419 1388 dictante
1436 1317 1604 1390 sententia
1629 1327 1664 1390 et
1680 1319 1815 1410 Justitiu
1838 1320 2048 1399 destruebat.

642 1435 755 1529 Super
772 1435 827 1508 bis
841 1436 1003 1508 omnibus
1019 1439 1130 1532 primo
1143 1439 1206 1512 Dei
1221 1439 1376 1514 altissimi
1394 1450 1429 1512 et
1443 1448 1540 1512 tunm
1555 1461 1597 1512 uc
1611 1441 1756 1514 eliorum
1771 1444 1964 1540 principum
1982 1457 2050 1522 tos·

644 1558 826 1632 timonium
851 1559 1068 1634 invocamus.
1092 1562 1221 1634 Verum
1244 1583 1324 1636 cum
1343 1583 1449 1658 super
1472 1561 1528 1634 his
1549 1564 1724 1658 premissis
1741 1577 1840 1660 grata
1867 1589 1909 1640 ac
1933 1568 2050 1644 debita

641 1682 830 1756 debuimus
846 1684 977 1777 premia
994 1695 1188 1780 reportare,
1205 1685 1352 1780 quidam
1369 1687 1474 1760 emuli
1490 1687 1597 1760 nostri
1610 1688 1673 1780 qni
1692 1690 1809 1762 forsan
1825 1712 1887 1784 per
1898 1693 1967 1766 alia
1980 1715 2048 1768 non

640 1816 781 1901 possent
794 1808 935 1879 servitia
951 1808 1135 1882 familiares
1153 1819 1189 1882 et
1201 1819 1318 1902 gratos
1333 1831 1371 1884 se
1391 1809 1539 1884 reddere
1562 1812 1777 1906 imperatorie
1788 1813 1966 1908 dignitati,
1989 1828 2050 1890 aut

639 1931 724 2024 quia
749 1931 929 2025 utriusque
946 1931 1097 2025 diligunt
1119 1932 1380 2006 incommodum
1404 1943 1439 2006 et
1455 1934 1575 2006 sitiunt
1599 1935 1762 2028 lesiones,
1787 1945 1992 2033 attemptarit
2014 1949 2049 2012 et

639 2063 887 2148 attemptarunt
903 2055 991 2127 inter
1006 2055 1183 2128 dominnm
1197 2057 1437 2152 imperatorem
1450 2067 1484 2130 et
1497 2079 1560 2132 nos
1575 2057 1746 2134 discordie
1760 2061 1962 2138 scandalum
1975 2085 2049 2136 sus-

641 2178 747 2250 citare
763 2176 827 2274 (l).
848 2179 1002 2264 Quorum
1016 2180 1180 2274 malignis
1190 2181 1470 2275 suggestionibus
1481 2192 1517 2256 et
1528 2183 1706 2256 malitiosis
1720 2183 1884 2258 dominus
1897 2197 1932 2258 et
1951 2199 2048 2282 pater

640 2311 775 2385 nostor,
798 2297 908 2373 cheul
933 2301 1077 2374 faciliter
1091 2303 1292 2394 inclinatus,
1316 2304 1521 2378 immeritam
1541 2327 1623 2399 erga
1651 2327 1716 2379 nos
1740 2308 1879 2380 videtur
1901 2309 2048 2404 ingrati-

638 2426 795 2499 tudinem
810 2447 989 2518 cxercere,
1014 2448 1128 2521 usque
1141 2427 1230 2500 adeo
1241 2428 1338 2522 quod
1355 2429 1485 2502 litteras
1500 2429 1701 2502 durissimae
1716 2441 1752 2504 et
1769 2433 1932 2508 mandale
1947 2435 2046 2506 nobis

637 2550 757 2643 dirigit
773 2550 994 2634 inconsueta,
1011 2551 1120 2623 multa
1136 2551 1204 2624 alia
1216 2551 1376 2626 faciendo
1388 2575 1459 2646 que
1472 2553 1579 2626 neeei
1591 2555 1785 2650 expediunt
1798 2577 1912 2650 neque
1930 2558 2042 2630 nobis.

632 2674 719 2748 Nam
738 2696 818 2746 cum
837 2674 882 2747 de
905 2674 1031 2768 pietate
1054 2682 1090 2746 et
1110 2676 1222 2769 gratia
1244 2684 1387 2771 paterna
1409 2686 1444 2748 et
1461 2677 1510 2750 ad
1530 2679 1711 2752 consilium
1732 2680 1928 2774 principum
1948 2703 2045 2778 sepe-

633 2798 747 2872 dictus
766 2799 928 2872 dominus
945 2799 1131 2894 imperator
1157 2809 1360 2894 potestatem
1381 2800 1483 2873 nobis
1498 2801 1686 2896 plenariam
1706 2804 1905 2878 contulisset
1924 2807 2045 2880 conle-

632 2923 733 2998 rendi
754 2932 789 2995 et
810 2921 1023 2996 concedendi
1046 2921 1214 2998 beneficia
1229 2933 1264 2996 et
1286 2923 1388 2998 leode
1403 2926 1581 3017 vacantia,
1611 2935 1651 2997 ut
1665 2947 1713 3000 ex
1727 2924 1794 2999 hoc
1812 2939 1991 3020 magnates
2010 2941 2045 3004 et

630 3050 766 3123 nobiles
777 3049 824 3122 ad
840 3050 1022 3144 utriusque
1033 3049 1211 3122 servitium
1231 3049 1456 3145 promptiores
1475 3059 1510 3122 et
1522 3050 1602 3145 plue
1613 3051 1803 3124 benevolos
1818 3051 2040 3146 haberemus,

629 3174 723 3248 idem
737 3173 853 3247 hocin
869 3173 1080 3268 quibusdam
1094 3174 1313 3268 postmodum
1333 3196 1402 3248 non
1420 3175 1574 3248 servavit
1588 3174 1625 3247 in
1640 3185 1796 3247 nostrum
1814 3176 2043 3271 prejudicium

631 3309 667 3372 et
683 3319 885 3390 gravamen.
906 3299 1050 3394 Insuper
1066 3300 1180 3372 'castra
1204 3297 1373 3372 nobilium
1392 3298 1439 3372 de
1456 3299 1656 3373 Hohenloch
1674 3300 1835 3396 superius
1855 3311 2043 3374 memorata

633 3443 704 3516 que
721 3443 786 3517 per
799 3421 1002 3495 sententiam
1023 3421 1138 3494 diruta
1152 3422 1288 3494 lucrant
1303 3431 1338 3494 et
1359 3420 1551 3514 destructa,
1578 3431 1694 3496 nostra
1711 3443 1774 3495 nos
1794 3425 1960 3520 compulit
1976 3446 2042 3520 pe-

634 3548 737 3624 cunia
756 3567 933 3642 reparare3
956 3556 993 3620 et
1011 3547 1212 3618 nominatim
1231 3555 1380 3620 castrum
1402 3547 1624 3641 Langenherc
1638 3544 1733 3641 quod
1754 3547 1894 3622 cuidam
1909 3549 2041 3644 pupillo

635 3675 673 3746 in
692 3671 860 3766 solempni
876 3671 973 3744 curia
991 3669 1215 3744 Frankenfort
1231 3669 1364 3762 justitia
1384 3691 1447 3744 nos
1465 3679 1608 3763 cogente
1630 3691 1694 3766 per
1707 3674 1911 3744 sententiam
1932 3674 2042 3746 luerat

633 3795 845 3886 restitutum,
864 3803 1001 3890 epatre
1023 3804 1139 3868 nostro
1150 3793 1239 3886 jussi
1258 3793 1388 3866 luimus
1403 3813 1565 3866 revocare
1582 3802 1617 3866 et
1638 3793 1824 3868 Godefrido
1843 3794 1889 3868 de
1901 3796 2038 3870 lichen·

630 3918 710 3992 loch
721 3919 907 4012 assignare.
930 3918 1031 4004 Quod
1050 3940 1129 3991 cum
1145 3918 1281 4010 dejure
1304 3925 1339 3988 et
1358 3919 1455 3990 salvo
1471 3916 1602 3990 bonore
1616 3918 1729 3992 lacere
1750 3939 1818 3990 non
1835 3939 2035 4014 possemus,

634 4043 790 4116 nolentes
815 4042 853 4113 in
869 4042 986 4136 aliquo
1009 4041 1162 4137 paternis
1185 4041 1410 4136 beneplacitis
1426 4041 1585 4132 obviare,
1616 4041 1730 4114 eidem
1756 4041 1943 4116 Godelrido
1966 4043 2038 4116 dno

635 4167 744 4240 millia
767 4187 960 4238 marcarum
981 4166 1027 4240 de
1041 4188 1178 4240 camera
1197 4175 1315 4240 nostra
1337 4166 1373 4238 in
1393 4175 1586 4240 restaurem
1604 4166 1705 4238 castri
1729 4165 1890 4238 dedimus
1908 4189 2037 4240 merno-

630 4293 709 4365 rati.
725 4290 967 4364 Pretereasine
980 4311 1085 4363 causa
1099 4291 1479 4364 necessariacivitatem
1493 4287 1686 4362 Northusen
1704 4311 1775 4384 que
1791 4291 1892 4362 nobis
1916 4301 1951 4364 ot
1971 4291 2038 4362 im-

632 4418 729 4512 perio
746 4419 925 4512 plusesset
944 4415 1054 4506 utilis,
1073 4415 1240 4508 obligavit
1255 4423 1290 4488 et
1307 4415 1466 4490 eamdem
1483 4414 1725 4509 obligationem
1746 4423 1854 4488 ratam
1873 4415 2037 4521 compulit

670 4749 706 4823 (t)
723 4749 840 4805 Primam
853 4749 923 4806 inter
939 4765 970 4806 se
986 4755 1015 4805 et
1027 4753 1131 4822 patrem
1146 4763 1226 4805 suurn
1239 4752 1400 4804 summotum
1419 4745 1593 4814 discordiam,
1612 4759 1715 4804 necnon
1732 4751 1761 4804 et
1769 4746 1922 4820 juramenta
1938 4744 2035 4816 quibus

631 4847 750 4920 seipsum
766 4861 858 4904 mense
879 4845 957 4920 aprili
969 4848 1039 4905 ⁴232
1054 4845 1233 4913 innodaverit,
1247 4845 1354 4902 omnino
1372 4859 1420 4902 rex
1435 4843 1488 4902 srrb
1500 4843 1605 4902 silenbo
1617 4843 1817 4918 praetermittit,
1832 4842 1894 4900 lieet
1905 4857 1950 4900 res
1961 4843 2035 4916 prius

628 4949 703 5002 udas
712 4949 911 5002 commemoret.
