4859 6359
634 835 695 900 'roo
1087 879 1091 886 -
1126 831 1351 896 'FBlDBBlCl
1374 829 1549 895 sacuam
1858 831 1939 912 [An.
1956 835 2047 900 1235.

634 969 837 1045 memoriam
863 977 899 1042 et
921 969 958 1042 in
979 977 1156 1066 posterum
1178 965 1396 1059 firmitatem,
1420 986 1561 1064 presens
1585 964 1751 1060 scriptum
1775 962 1850 1040 lieri
1874 977 1910 1042 et
1934 968 2048 1064 sigillo

634 1093 823 1186 mejestatis
848 1101 964 1166 nostre
979 1093 1147 1185 jussimus
1163 1090 1381 1166 communiri.

668 1218 808 1296 ‚Datum
829 1214 1005 1310 Auguuste,
1030 1236 1122 1290 anno
1142 1214 1317 1290 dominice
1338 1211 1584 1286 incarnationis
1609 1212 1790 1288 millesimo
1810 1213 2047 1290 ducentesimo

633 1339 806 1413 tricesimo
822 1340 962 1434 quinto,
986 1361 1106 1414 mense
1128 1337 1340 1429 novembris,
1360 1336 1559 1410 indictionis
1575 1357 1679 1427 none,
1698 1337 1889 1434 imperante
1907 1337 2046 1414 domino

633 1472 751 1536 nostro
776 1461 969 1554 Friderico,
989 1464 1053 1538 Dei
1072 1463 1183 1558 gratia
1201 1460 1428 1536 invictissimo
1442 1461 1675 1534 Romanorum
1691 1459 1897 1556 imperatore
1912 1482 2048 1558 semper

634 1595 796 1681 augusto,
812 1586 1000 1660 Ierusalem
1015 1595 1051 1660 et
1068 1586 1185 1661 Sicilie
1202 1606 1298 1680 rege,
1315 1605 1407 1658 anno
1424 1582 1561 1680 imperii
1577 1582 1654 1675 ejus
1670 1591 1771 1657 sexto
1787 1583 1936 1672 decimo,
1946 1585 2046 1680 regni

634 1711 823 1786 ierusalem
843 1709 994 1804 decimo,
1014 1710 1114 1805 regni
1135 1731 1221 1784 vero
1240 1708 1357 1782 Sicilie
1372 1707 1545 1783 tricesimo
1561 1706 1724 1804 septimo,
1745 1707 1901 1782 feliciter.
1918 1709 2042 1783 Amen.

847 2007 1828 2022 masmana—amm

685 2271 892 2358 Renovatio
929 2273 1117 2358 societatis
1147 2273 1422 2382 Lombardiae,
1452 2272 1592 2356 sedicet
1625 2273 1726 2356 inter
1764 2273 2041 2386 Mediolanum,

630 2405 827 2513 Laudem,
863 2404 1087 2513 Novariam,
1121 2404 1412 2513 Alexandriam,
1433 2405 1595 2513 Cumas,
1615 2403 1836 2510 Tririsium,
1855 2407 2041 2517 Paduam,

630 2535 860 2646 Bononiam,
881 2537 1066 2645 Brixiam,
1086 2536 1322 2648 Faventiam,
1337 2538 1400 2622 cui
1417 2539 1602 2623 accedunt
1618 2546 1786 2648 potestas
1802 2546 1842 2624 et
1856 2539 2046 2624 ambare

630 2679 732 2754 tores
750 2669 957 2754 Ferrariae.

709 2883 805 2958 (Edit.
821 2901 871 2962 ap.
891 2883 1240 2968 urrinnandane
1259 2882 1330 2946 ital.
1348 2882 1424 2946 med.
1439 2886 1516 2962 oeci,
1538 2883 1676 2965 l.1V,p.
1693 2891 1848 2961 tol-tto,
1865 2901 1905 2947 ex
1923 2883 2043 2946 erohlvo

747 2991 889 3065 Estensl.)

1320 3150 1348 3222 l.

678 3327 717 3397 ln
744 3325 867 3398 Christi
891 3325 1044 3398 nomine.
1073 3324 1176 3398 Anno
1201 3324 1358 3418 ejusdem
1380 3326 1575 3400 Nativitatis
1596 3324 1779 3401 millesimo
1806 3324 2043 3401 ducentesimo

630 3449 807 3543 trigesimo
825 3448 960 3544 quinto,
977 3447 1167 3523 indictione
1183 3451 1273 3540 Vlll,
1293 3449 1425 3540 Brixia,
1439 3459 1592 3545 tempore
1608 3449 1764 3545 Gregorii
1783 3469 1873 3547 pape
1885 3460 1921 3523 et
1931 3447 2040 3522 Bede-

630 3573 695 3644 rioi
713 3571 940 3666 imperatoris,
958 3571 1017 3646 die
1037 3573 1119 3644 lune
1135 3573 1166 3646 ll
1183 3573 1333 3646 intrante
1354 3573 1552 3663 novembri,
1572 3573 1793 3670 presentibus
1807 3573 1949 3648 domino
1969 3573 2040 3644 Bo·

629 3718 770 3791 napaxe
790 3697 897 3770 milite
915 3694 1048 3769 domini
1072 3695 1237 3770 iohannis
1264 3696 1311 3772 de
1336 3698 1436 3771 Porta
1455 3699 1632 3792 potestatis
1648 3699 1813 3789 Ferraria,
1836 3697 2042 3772 Christolaro

630 3821 763 3893 notario
778 3819 1026 3894 Mediolanensi
1042 3829 1078 3894 et
1094 3821 1252 3895 Iohanne
1269 3820 1315 3895 de
1330 3822 1411 3896 Sala
1427 3823 1560 3895 notario
1576 3821 1622 3895 de
1636 3823 1807 3911 Bononia,
1827 3821 1972 3895 testibm
1986 3842 2041 3894 ro-

630 3942 721 4034 gatis
737 3950 773 4014 et
784 3942 934 4032 vocatis,
953 3943 990 4014 in
1008 3965 1144 4018 camera
1156 3945 1230 4018 sele
1246 3943 1378 4019 domini
1394 3945 1502 4020 Guale
1518 3945 1670 4042 episcopi
1687 3946 1819 4039 Brixie,
1839 3946 1960 4041 ibique
1977 3943 2039 4019 do·

630 4063 748 4136 minue
772 4063 944 4139 lohannes
965 4065 1011 4140 de
1032 4067 1132 4140 Porta
1150 4067 1239 4140 ciris
1265 4068 1383 4142 Brixie
1409 4078 1445 4142 et
1470 4069 1625 4142 Ferraric
1646 4077 1798 4165 potestas
1817 4078 1853 4142 et
1879 4067 2041 4142 dominus

631 4187 861 4262 Gnizardinns
882 4188 1080 4263 Contrarias
1098 4199 1133 4264 et
1155 4189 1319 4266 dominus
1341 4192 1570 4266 Naeoimbene
1594 4192 1722 4286 judex,
1739 4193 1984 4267 ambaxatorea
2005 4203 2041 4265 et

630 4317 778 4385 rectores
796 4313 990 4386 communis
1011 4313 1183 4406 Ferrarie,
1207 4315 1347 4390 nomine
1369 4325 1406 4389 et
1430 4316 1509 4389 vioe
1534 4315 1619 4390 dicti
1637 4315 1846 4404 communia,
1865 4313 2041 4410 protestati

629 4436 770 4509 luerunt
791 4445 826 4509 et
845 4457 1008 4532 expresse
1032 4435 1197 4511 dixerunt
1223 4437 1374 4513 dominis
1397 4440 1637 4514 Bartholomeo
1653 4439 1698 4513 de
1713 4439 1935 4513 Nasointnrre
1958 4448 2041 4510 tnnc

630 4560 771 4630 antiano
789 4559 962 4633 societatis
979 4561 1202 4655 Lombardie,
1220 4563 1381 4637 Ursulino
1396 4564 1442 4638 de
1453 4565 1545 4657 Bari,
1565 4563 1672 4637 Gnala
1688 4562 1735 4636 de
1750 4562 1886 4651 libide,
1901 4561 2041 4634 Alberto

630 4683 808 4777 Boniperti
836 4683 881 4756 de
900 4685 1053 4778 Novaro,
1081 4687 1190 4781 Spitio
1209 4686 1394 4781 lncoardo,
1416 4688 1555 4762 Ruffino
1576 4687 1623 4761 de
1643 4685 1817 4761 blandello
1836 4685 1884 4760 do
1907 4683 2039 4759 llledio·

630 4806 730 4894 lano,
753 4806 902 4879 Gerardo
924 4809 1109 4902 llrcolano,
1133 4812 1328 4906 Napuliono
1342 4812 1388 4885 de
1405 4811 1537 4886 Laerdo
1553 4811 1599 4884 de
1620 4809 1787 4884 Fauentia
1807 4817 1844 4882 et
1863 4807 2040 4881 Grillolino

630 4927 677 5002 de
692 4929 804 5002 Griffis
820 4929 865 5003 de
881 4931 1011 5024 Brixia,
1036 4943 1117 5005 tunc
1133 4935 1323 5008 rectoribus
1338 4936 1510 5009 societatis
1522 4935 1691 5032 predicte,
1710 4933 1806 5031 quod
1818 4932 1929 5029 parati
1943 4940 2041 5006 eram
