4859 6359
429 814 588 900 [ΜΛ]
877 809 1073 872 HISTORIA
1100 809 1394 878 DleOldd'l'lGll.
1776 813 1841 880 elo

550 950 762 1020 sucurrere,
776 941 872 1006 Atrei.
888 940 1051 1022 diplomat,
1066 950 1091 1004 t.
1105 944 1131 1017 l,
1145 961 1176 1020 p.
1193 953 1263 1006 tto.
1278 947 1377 1025 fletus
1390 948 1536 1028 prlrssegll
1551 949 1694 1028 orlgleate
1709 947 1846 1030 etaga-

551 1059 662 1118 rimum
672 1057 840 1114 asservatur
851 1053 884 1112 iu
895 1051 1018 1112 erchlro
1029 1053 1157 1112 nouus
1168 1051 1360 1130 Argenteus.
1371 1054 1510 1136 Sigillum
1521 1069 1606 1120 ωηο
1618 1057 1724 1120 rubra
1736 1059 1845 1136 predae

431 1237 433 1240 Ι
550 1161 609 1222 iilis
621 1160 720 1222 sericte
732 1158 834 1220 vlridls
847 1163 877 1218 ct
890 1157 1089 1218 ammmtblnl
1100 1159 1231 1240 coloris)

479 1347 519 1422 ln
535 1345 675 1420 nomine
698 1353 816 1419 saum
839 1351 876 1416 et
892 1339 1078 1417 individue
1089 1341 1275 1418 Trinitatis.
1296 1344 1491 1420 indanicos
1507 1343 1700 1440 mmudus,
1719 1343 1844 1424 diviua

431 1471 570 1546 terente
584 1465 764 1543 clementia
781 1467 1012 1540 Romanorum
1031 1464 1215 1562 imperator
1234 1487 1373 1565 semper
1389 1479 1576 1564 auguous,
1603 1467 1791 1544 Jamsalem
1809 1483 1844 1546 et

430 1593 636 1669 Sicelierox.
663 1588 865 1684 Augustalis
889 1589 1025 1686 pietatis
1054 1591 1224 1663 immensa
1248 1591 1428 1665 clementia
1444 1581 1571 1667 ⁴eornm
1599 1593 1790 1668 commodis
1808 1607 1844 1669 et

433 1715 622 1792 honoribus
640 1711 803 1811 hylariori
823 1713 924 1788 voltu
947 1714 1127 1786 consuevit
1152 1711 1331 1788 intendere
1348 1737 1437 1810 quoe
1449 1711 1486 1788 in
1504 1717 1578 1789 suis
1594 1714 1770 1812 obsequiis
1786 1717 1847 1813 pia

433 1851 468 1915 et
484 1849 639 1937 prompta
652 1835 826 1912 voluntate
843 1832 1015 1909 desudare
1029 1833 1188 1930 cognovit
1200 1837 1414 1934 experientia
1424 1836 1571 1913 certiori.
1584 1835 1669 1913 inde
1682 1848 1734 1913 est
1746 1839 1844 1935 quod

436 1983 498 2036 nos
512 1959 730 2035 advertentes
743 1979 848 2055 quam
867 1957 1000 2032 sincero
1014 1957 1136 2031 allecto
1156 1959 1280 2034 ciritae
1294 1960 1554 2056 Argentineusis
1561 1961 1711 2036 servitiis
1720 1963 1845 2036 nostris

435 2105 474 2160 se
493 2083 656 2182 exposuit
680 2091 716 2158 et
744 2081 892 2180 qualiter
914 2101 977 2180 per
1002 2081 1261 2160 evidentissima
1284 2085 1528 2182 obsequiorum
1555 2103 1697 2158 suorum
1724 2087 1845 2160 merita

436 2207 623 2306 imperialis
638 2205 823 2302 maiestatis
840 2205 906 2279 sibi
924 2207 1105 2302 specialem
1126 2205 1267 2281 induxit
1282 2207 1427 2304 gratiam
1443 2221 1478 2283 et
1497 2203 1727 2305 tanmem,'ad
1745 2229 1846 2283 com-

436 2353 577 2408 munem
599 2331 782 2406 utilitatem
808 2327 956 2404 civitatis
983 2329 1241 2426 argentinensis
1264 2332 1461 2429 pariterque
1484 2329 1650 2407 honorem
1677 2333 1715 2404 in
1741 2349 1847 2406 erum

435 2453 730 2552 promovendum,
757 2451 944 2548 gratioeum
970 2451 1123 2526 larorem
1152 2465 1305 2528 uestrum
1331 2453 1498 2530 duximus
1521 2453 1782 2530 concedendum
1809 2468 1850 2528 ut

436 2579 598 2674 exemplo
610 2576 845 2653 retnbutionis
857 2575 932 2669 qus
952 2597 1058 2670 mam
1075 2595 1139 2672 pm
1153 2578 1305 2651 servitiis
1320 2580 1393 2651 suis
1413 2587 1599 2652 memorate
1612 2579 1742 2651 civitati
1763 2599 1847 2652 con·

438 2703 623 2793 cessimus,
644 2701 711 2774 alie
727 2720 867 2796 quoque
883 2699 1039 2773 civitates
1058 2700 1193 2796 imperii
1216 2697 1365 2796 monlon
1385 2701 1564 2774 voluntate
1580 2699 1626 2774 ad
1641 2712 1757 2774 nostra
1770 2721 1850 2775 ser-

439 2827 525 2900 vitiu
552 2826 740 2900 ferventius
766 2825 971 2898 animentur.
1002 2825 1128 2895 Notum
1151 2825 1196 2896 sit
1223 2822 1329 2919 igitur
1351 2825 1513 2897 omnbus
1538 2832 1607 2897 tam
1631 2821 1849 2920 presentibus

437 2971 543 3046 quum
557 2949 680 3022 lutens
695 2948 790 3044 quod
806 2969 871 3021 nos
887 2945 1100 3044 sepedictam
1115 2947 1290 3021 civitatem
1301 2948 1585 3043 Argentinensem
1596 2968 1675 3021 eum
1687 2945 1849 3022 omnibus

438 3072 515 3166 ejus
530 3071 650 3145 incolis
665 3071 732 3144 snb
746 3071 886 3167 speciali
897 3069 1109 3143 detensionis
1127 3079 1243 3143 nostre
1259 3071 1369 3164 gratia
1385 3071 1607 3168 recipientes,
1628 3071 1672 3145 dc
1688 3069 1848 3145 liberali-

438 3195 628 3270 tatenostri
646 3191 806 3268 culminis
823 3193 889 3291 ipsi
908 3195 1040 3267 eivitmi
1059 3192 1282 3289 indulgemus
1298 3205 1334 3268 et
1355 3195 1392 3267 in
1417 3213 1521 3269 evum
1546 3193 1789 3269 confirmemus
1809 3208 1849 3269 ue

440 3318 652 3414 ubicumque
670 3315 781 3415 ipsius
805 3315 954 3390 civitatis
977 3319 1169 3412 burgenses
1186 3325 1370 3414 perlatam
1387 3317 1600 3415 provinciam
1620 3315 1750 3392 Alsatie
1766 3339 1849 3414 pro·

440 3444 601 3539 prietates
614 3444 747 3538 aliquas
760 3443 835 3516 sive
846 3465 1081 3537 quascumque
1095 3443 1327 3538 possessiones
1338 3443 1541 3532 habuerint,
1560 3442 1648 3516 nulli
1662 3443 1792 3515 licitum
1805 3444 1850 3516 sit

441 3565 489 3640 de
504 3565 573 3638 hiis
589 3565 854 3662 proprietatibus
868 3567 943 3638 sive
957 3566 1232 3662 possessionibus
1247 3565 1304 3639 nel
1330 3577 1365 3640 et
1381 3565 1579 3640 hominibus
1597 3585 1715 3669 eorum
1731 3569 1849 3641 servi-

441 3689 528 3762 tium
556 3689 697 3784 aliquod
723 3689 878 3784 scopere
904 3697 964 3762 ant
989 3690 1131 3783 exigere
1150 3691 1208 3764 vel
1234 3690 1338 3763 etiam
1364 3689 1570 3787 cujusquam
1593 3691 1745 3786 precaria
1774 3693 1851 3768 sive

440 3813 634 3886 exactionis
652 3833 740 3886 onos
761 3813 812 3885 eis
830 3811 1027 3908 imponere,
1054 3815 1219 3908 quoniam
1233 3831 1298 3886 uos
1315 3813 1444 3888 dictam
1458 3815 1631 3888 civitatem
1645 3835 1723 3888 com
1738 3817 1850 3889 omui·

441 3935 508 4010 bns
520 3937 595 4030 ejus
610 3936 824 4033 pertinentiis
841 3943 911 4011 tam
924 3937 1017 4009 intus
1030 3957 1134 4032 quam
1149 3947 1247 4011 extra
1261 3937 1307 4010 ad
1324 3935 1472 4034 speciale
1490 3933 1695 4033 obsequium
1715 3940 1850 4038 imperil

442 4058 660 4133 decrevimus
686 4079 874 4133 reservare.
903 4059 1060 4133 Preterea
1077 4059 1335 4152 conaitnimus,
1363 4059 1571 4134 tradidimus
1597 4073 1632 4134 et
1651 4063 1852 4136 aonodtate

440 4179 609 4277 imperiali
624 4201 864 4279 consensuque
878 4184 1072 4280 principum
1087 4191 1283 4258 ucsbo'um
1304 4179 1583 4259 confirmavimus
1607 4185 1800 4259 institutum
1814 4197 1851 4260 et

437 4307 496 4398 jus
507 4305 684 4400 quoddam
702 4307 798 4402 qnod
816 4297 911 4382 cives
928 4305 1031 4382 iidem
1047 4305 1244 4381 babuerunt
1260 4329 1281 4380 a
1298 4305 1391 4380 divis
1405 4309 1563 4404 augustis
1573 4305 1850 4404 progenitoribus

379 4483 381 4488 ,
443 4429 567 4500 nostris
592 4430 751 4502 melano
768 4439 802 4503 a
818 4431 977 4528 Philippo
997 4433 1227 4504 aomanorum
1246 4431 1386 4526 agana
1404 4409 1764 4505 monmorentius
1781 4457 1791 4501 ι
1811 4443 1852 4505 at

442 4569 623 4648 uunquam
642 4549 679 4625 in
697 4555 775 4627 loro
796 4553 912 4649 aliquo
929 4573 992 4651 per
1009 4573 1189 4651 personam
1205 4555 1358 4649 aliquam
1378 4553 1643 4628 eeclmiasticam
1665 4557 1722 4628 rel
1748 4575 1850 4628 secu-

442 4677 547 4750 larem
570 4695 691 4749 eornm
717 4675 843 4772 aliquis
864 4673 1071 4774 impediatur
1087 4683 1147 4749 aut
1176 4675 1380 4750 molestetur
1396 4673 1453 4750 rel
1474 4679 1512 4750 in
1532 4671 1673 4771 iudiciis
1697 4675 1853 4752 trahatur

443 4807 542 4874 extra
574 4793 746 4874 eiritdem
774 4801 832 4875 vel
854 4819 994 4896 prorsus
1016 4809 1161 4896 cogatur
1180 4797 1226 4873 ab
1249 4798 1365 4895 aliquo
1383 4817 1446 4897 pro
1470 4819 1533 4874 soa
1555 4791 1763 4899 proprietate
1787 4819 1851 4874 seu

445 4923 658 5019 possessione
671 4921 723 4998 ibi
740 4923 902 5021 cuiquam
918 4921 1140 5022 respondere.
1159 4921 1230 4999 Sed
1252 4920 1423 5021 siaqunis
1440 4919 1608 5000 adrasus
1626 4923 1775 5021 aliquem
1791 4945 1852 4999 eo·
