4859 6359
451 803 549 864 lantcr.
563 802 608 880 9.]
898 800 1093 863 llls'loltlll
1118 800 1409 864 ntruonll'ncrl.
1794 796 1854 859 899

451 938 593 1011 tenebit.
616 936 740 1009 Veniat
762 944 877 1008 autem
893 932 942 1031 (a)
959 944 994 1008 et
1013 936 1202 1009 morabitur
1226 938 1292 1010 sub
1312 933 1521 1031 protectione
1544 932 1710 1028 imperiali
1734 932 1770 1003 iu
1790 954 1854 1005 ec-

453 1062 559 1134 clesia
576 1070 610 1132 et
626 1060 764 1132 civitate
781 1066 867 1147 sua,
881 1060 960 1151 jura
982 1060 1173 1155 spiritualia
1194 1060 1400 1133 exercendo.
1427 1057 1585 1129 Promisit
1603 1056 1745 1151 insuper
1758 1056 1853 1150 qnod

453 1185 483 1256 si
499 1182 654 1257 secundo
671 1182 724 1278 (l)
741 1182 786 1255 de
806 1183 907 1254 bonis
923 1184 980 1254 vel
997 1182 1114 1277 aliqua
1131 1183 1177 1257 de
1197 1183 1311 1255 feudis
1328 1181 1472 1254 ecclesie
1489 1181 1704 1273 vacaverint,
1723 1180 1853 1252 nullam

453 1308 692 1381 alienationem
713 1308 770 1379 vcl
787 1305 1001 1379 collationem
1016 1306 1167 1401 aliquam
1191 1306 1294 1378 faciet
1310 1306 1385 1378 sina
1404 1302 1619 1376 conniventia
1636 1310 1671 1374 et
1686 1322 1854 1376 consensu

452 1430 594 1525 capituli
618 1430 825 1502 confratrum
849 1450 993 1499 suorum
1023 1434 1057 1500 et
1081 1427 1353 1501 ministerialium
1382 1426 1523 1501 ecclesie
1548 1424 1700 1505 fidelium
1724 1433 1855 1497 nostro·

451 1574 543 1642 rum,
567 1574 632 1624 nec
654 1552 805 1647 ipsorum
829 1551 997 1624 bonorum
1024 1553 1100 1625 sive
1127 1554 1262 1624 illorum
1286 1550 1438 1646 quesibi
1463 1551 1499 1621 iu
1520 1548 1591 1621 vita
1612 1568 1676 1619 sua
1696 1546 1742 1619 ad
1772 1568 1856 1619 usus

454 1696 535 1747 suos
555 1676 711 1765 retinuit,
733 1675 862 1747 nullam
885 1674 1128 1767 obligationem
1155 1657 1218 1749 seu
1244 1656 1510 1748 subtractionem
1532 1673 1633 1745 laciet
1649 1672 1720 1744 ullo
1736 1670 1853 1744 modo.

453 1798 612 1870 Promisit
626 1800 730 1870 etiam
748 1800 851 1892 plena
878 1797 947 1872 lide
962 1798 1056 1894 quod
1066 1800 1193 1893 aliquo
1208 1800 1312 1871 modo
1328 1794 1376 1893 (b)
1397 1796 1626 1889 ingeniosius
1642 1794 1723 1868 dolo
1739 1803 1857 1867 contra

454 1920 642 2015 predictam
665 1922 933 2015 resignationem
956 1930 991 1994 ot
1012 1922 1288 1997 commissionem
1308 1942 1376 1995 non
1403 1921 1516 1993 veniet
1538 1917 1602 2017 (c),
1629 1918 1717 2013 [par]
1742 1939 1779 1991 ss
1801 1917 1856 1991 vel

454 2045 661 2118 submissam
687 2066 869 2140 personam
897 2044 1030 2139 aliquid
1051 2044 1305 2140 attemptand03
1331 2045 1401 2117 imo
1427 2041 1583 2138 predicta
1611 2042 1728 2116 omnia
1757 2050 1857 2137 prout

456 2168 557 2239 oessit
569 2176 605 2240 et
619 2168 807 2261 resignavit
821 2168 923 2240 nobis
941 2175 977 2239 at
991 2167 1151 2262 imperio,
1167 2167 1256 2241 siem
1271 2168 1308 2239 in
1321 2166 1517 2240 authentico
1533 2165 1660 2261 scripto
1677 2164 1759 2239 inde
1776 2186 1857 2237 con-

456 2293 560 2387 lecto,
575 2312 639 2364 suo
658 2300 693 2363 et
709 2290 850 2386 capituli
870 2292 925 2363 sui
943 2290 1102 2385 sigillato,
1122 2290 1233 2386 sigillo
1251 2292 1388 2386 plonius
1410 2290 1616 2379 continetur,
1644 2288 1859 2361 conservabit

456 2414 571 2485 omnia
588 2414 730 2485 illibata.
748 2413 818 2485 Nos
842 2422 957 2484 autem
975 2412 1023 2487 ad
1045 2435 1165 2509 preces
1188 2412 1306 2485 dilecti
1327 2412 1492 2509 principis
1513 2410 1658 2507 predicti
1683 2412 1855 2507 episcopi,

457 2536 597 2608 fratrum
612 2536 661 2632 (d)
672 2544 707 2607 et
718 2536 990 2607 ministerialium
1003 2536 1147 2609 ecclesie
1164 2534 1320 2608 fidelium
1339 2546 1545 2626 nostrorum,
1558 2534 1725 2628 imperiali
1742 2536 1859 2607 lavore

457 2659 612 2754 predicta
626 2658 742 2732 omnia
760 2660 1040 2754 complectentes,
1056 2657 1226 2755 presentis
1242 2657 1360 2755 scripti
1381 2658 1502 2747 robora
1521 2658 1782 2730 communimus.
1802 2656 1859 2731 Ad

458 2782 557 2874 cujus
575 2782 624 2855 rei
638 2784 849 2874 memoriam,
864 2802 1006 2877 presens
1023 2782 1186 2877 scriptum
1200 2780 1276 2853 fieri
1293 2791 1328 2853 ct
1341 2781 1452 2875 sigillo
1464 2783 1649 2873 majestatis
1665 2790 1778 2853 nostre
1787 2782 1861 2875 jus-

457 2906 566 2977 simus
580 2905 797 2979 communiri.

507 3028 618 3120 Hujus
631 3028 682 3099 rei
704 3036 807 3100 testes
826 3035 908 3099 sunt
924 3052 934 3097 ε
952 3024 988 3098 C.
1007 3024 1059 3123 (l)
1082 3025 1347 3099 Constantiensis
1367 3026 1568 3123 episcopus,
1589 3025 1626 3098 C.
1646 3026 1759 3100 Sancti
1778 3029 1863 3102 Galli

458 3158 494 3221 et
513 3202 522 3220 .
539 3202 549 3221 .
568 3204 577 3221 .
594 3150 765 3245 Augeusis
780 3150 935 3241 abbates,
954 3150 998 3222 Η.
1015 3150 1240 3245 laudgravius
1258 3150 1458 3243 Thuringie,
1481 3150 1523 3223 H.
1546 3150 1697 3223 marchio
1714 3151 1759 3225 da
1776 3154 1865 3227 Bur-

459 3294 581 3366 gome,
601 3276 721 3347 fratres
738 3273 933 3368 landgravii
961 3273 1006 3348 da
1031 3274 1293 3370 Luckenbergc,
1320 3274 1364 3347 Η.
1391 3274 1526 3371 imperii
1551 3274 1778 3347 marescalcus
1798 3276 1860 3371 (2),

459 3396 503 3468 ll.
525 3398 717 3493 prepositus
735 3398 874 3489 majoris
889 3398 1051 3489 ecclesie,
1069 3400 1113 3471 Η.
1138 3398 1303 3489 decanus,
1325 3419 1440 3471 comes
1460 3398 1577 3493 ligone
1595 3397 1786 3495 dellppan,
1806 3398 1864 3471 ΑΙ-

457 3520 576 3593 berlus
589 3519 633 3593 de
648 3520 802 3609 Rodane,
818 3522 940 3592 iratres
953 3518 998 3593 de
1010 3518 1247 3617 Leukenberg,
1265 3530 1300 3593 et
1316 3521 1374 3593 alii
1393 3521 1613 3615 quamplures
1625 3521 1862 3595 ministeriales

459 3642 673 3718 Brixinensis
690 3644 845 3717 ccclesia.

507 3764 594 3840 Acta
619 3777 700 3839 suut
726 3767 791 3839 bec
814 3764 911 3861 apud
934 3762 1125 3857 Brixinam,
1155 3788 1246 3839 auno
1272 3766 1445 3840 dominice
1468 3766 1708 3841 iucarnationis
1732 3770 1780 3843 M.
1795 3768 1858 3843 CC.

459 3888 630 3963 tricesimo
643 3900 754 3982 scuto,
775 3912 894 3963 meuse
910 3890 1062 3984 augusti,
1082 3890 1128 3961 lX
1142 3889 1341 3964 indictione.

507 4014 632 4087 Datum
650 4014 687 4084 iu
703 4014 823 4086 castris
834 4014 931 4109 apud
942 4012 1132 4101 Brixinam,
1151 4034 1255 4102 anuo,
1271 4036 1389 4089 meuse
1403 4024 1437 4088 et
1450 4014 1637 4089 indictione
1653 4018 1857 4113 prescriptis.

503 4188 546 4268 (a)
566 4189 624 4266 Ap.
640 4189 788 4265 Hormayr
801 4194 875 4249 tam.

503 4292 544 4373 (b)
564 4294 678 4355 Ibidem
690 4290 792 4373 adque
798 4309 868 4372 pro,
881 4292 968 4353 mele.

504 4398 540 4475 (c)
559 4398 673 4460 lbldem
685 4398 826 4474 immet,
844 4398 933 4460 mala.

502 4502 546 4585 (d)
567 4504 625 4581 Ap.
641 4506 789 4582 Hormayr
803 4510 945 4581 norm,
957 4503 1045 4565 male.

499 4790 535 4861 (t)
552 4789 593 4847 cl.
608 4790 671 4862 quid
681 4806 763 4863 supra
774 4791 933 4864 notavimus,
946 4809 974 4866 p.
988 4794 1051 4864 880,
1061 4797 1118 4851 not.
1133 4796 1160 4850 l.

499 4888 537 4959 (l)
554 4887 736 4946 verisimiliter
746 4890 879 4947 Heariats
891 4889 924 4949 dc
934 4891 1125 4965 Poppcnlsim.
