4859 6359
614 795 674 857 reo
1112 785 1327 851 nnrnnnrcr
1354 785 1532 850 snconnr
1833 791 1917 871 [nee
1933 793 2021 857 rnen

613 935 768 1002 noetmm
787 925 823 998 in
842 923 1034 1021 prinoipem
1055 923 1303 1013 amaverimus,
1318 922 1548 996 concedentes
1563 922 1598 996 ei
1611 920 1657 996 de
1670 923 1782 1018 gretie
1798 927 1940 1022 epeoiati
1957 927 2025 1002 dn-

613 1059 729 1126 cntnm
744 1048 789 1123 de
806 1047 989 1122 Brunewio
1013 1069 1094 1120 onm
1115 1047 1278 1121 omnibns
1295 1046 1441 1140 iustitiis
1456 1055 1494 1122 et
1516 1047 1710 1120 rationibus
1727 1047 1956 1124 attinentrhne
1975 1052 2023 1126 nd

615 1173 808 1249 dominium
836 1171 983 1246 civitatis
1008 1171 1119 1266 ipsine
1144 1171 1190 1245 de
1211 1171 1409 1246 Bronewic.
1437 1171 1554 1258 anre
1580 1169 1737 1246 fidelitati
1766 1183 1883 1248 vestre
1907 1177 2024 1270 preci-

614 1297 742 1394 piendo
758 1295 964 1369 mandamus
978 1303 1148 1390 qnatenus
1166 1293 1280 1367 eidem
1299 1292 1381 1367 dnci
1397 1294 1522 1369 diiecto
1541 1293 1688 1390 principi
1704 1305 1823 1370 noetro
1839 1297 2023 1372 ostendetis

616 1429 651 1493 et
683 1417 854 1492 obediatis
880 1416 928 1491 de
952 1427 1065 1490 cetero
1094 1423 1260 1512 tnnqnnm
1289 1416 1431 1491 domino
1457 1425 1593 1508 vestro,
1619 1415 1688 1489 sihi
1721 1415 1895 1492 fidelitatis
1923 1423 2024 1515 jure-

616 1551 771 1616 mentum
789 1541 982 1615 secundum
1006 1539 1293 1614 consuetudinem
1310 1539 1447 1636 imperii
1461 1540 1668 1614 exhibentes
1680 1549 1722 1613 nt
1737 1561 1786 1614 ex
1802 1541 1968 1617 ddeiitnte
1988 1554 2025 1619 et

618 1665 804 1740 devotione
818 1686 925 1759 quem
948 1685 1032 1758 erge
1049 1685 1130 1737 enm
1149 1663 1321 1738 hebebitie
1336 1661 1383 1736 de
1396 1671 1530 1752 cetero,
1548 1663 1675 1736 metine
1690 1663 1926 1739 commendeti
1940 1687 2026 1764 pce·

618 1789 712 1881 sitis,
733 1797 769 1862 et
792 1795 864 1860 tnm
886 1788 1003 1883 ipsum
1021 1787 1146 1860 ducem
1162 1808 1271 1882 quem
1293 1786 1535 1862 exceltentiam
1558 1793 1710 1860 noetrnm
1735 1785 1782 1862 ed
1806 1799 1903 1884 greio
1925 1791 2027 1864 vobin

617 1911 748 2008 premia
761 1911 967 1985 conterende
984 1932 1047 2006 pro
1061 1911 1191 1985 meritis
1207 1911 1392 1985 inducatis.

665 2037 789 2109 Datum
802 2035 973 2131 Auguste,
994 2035 1117 2108 ultimo
1132 2035 1296 2127 octobris,
1313 2033 1504 2110 indictione
1519 2056 1623 2110 none.

450 2687 464 2720 „
500 2634 515 2667 ¹¹
558 2705 566 2730 ,
672 2607 908 2716 Friderious,
925 2607 1188 2692 Romanorum
1205 2605 1430 2716 imperator,
1450 2607 1637 2692 universis
1658 2605 1806 2692 civibus
1822 2607 1873 2690 de
1889 2606 2031 2692 Sinden

561 2762 567 2774 ·
621 2743 781 2826 mandat
797 2751 840 2823 nt
860 2739 990 2826 Ottoni
1007 2739 1055 2821 de
1072 2738 1299 2848 Lunehurg‚
1319 2765 1435 2849 quem
1453 2739 1493 2821 in
1511 2739 1721 2850 prinoipem
1737 2764 1853 2824 suum
1870 2737 2028 2846 crearit,

619 2874 821 2958 restituant
838 2899 884 2956 en
904 2895 1004 2981 qune
1022 2878 1152 2953 tenent
1174 2870 1223 2952 de
1248 2869 1480 2954 haereditate
1504 2871 1715 2978 pertinente
1741 2871 1793 2954 od
1818 2870 2033 2954 dominium

619 3008 668 3090 de
685 3003 922 3112 Brunswick‚
943 3029 1061 3113 qnam
1080 3002 1204 3085 eidem
1222 3001 1382 3086 eontulit
1397 3003 1438 3083 in
1456 3002 1629 3086 feudum.

703 3223 839 3300 (notter.
860 3221 993 3296 sem,
1019 3217 1102 3303 θήῃ.
1121 3215 1239 3300 coep,
1256 3225 1284 3280 t.
1303 3217 1360 3291 tv.
1377 3235 1407 3296 p.
1434 3224 1505 3282 too.
1525 3247 1568 3265 -·
1582 3217 1718 3294 ann,
1738 3215 1955 3281 dicem
1969 3217 2035 3281 ond

747 3327 917 3406 vortemt.
933 3329 1182 3408 vl‚p.11e.—
1200 3327 1391 3403 minam,
1404 3326 1484 3390 Birt.
1495 3325 1572 3388 Zar-
1586 3323 1766 3406 namon.
1779 3327 1916 3406 dptom,
1933 3333 1959 3390 t.
1978 3327 2032 3400 lv,

738 3453 772 3516 p.
789 3439 871 3510 199.)

668 3621 879 3714 Friderione,
898 3621 966 3694 Dei
982 3616 1093 3714 gratio
1112 3619 1346 3692 Romanomm
1360 3618 1545 3714 imperator
1566 3637 1708 3715 eempm
1723 3627 1914 3714 regnatne,
1933 3619 2040 3693 ier-n-⁴

620 3748 726 3820 selem
744 3756 780 3819 et
805 3743 920 3816 Sicilie
938 3763 1019 3834 rex,
1038 3741 1209 3816 universis
1228 3741 1365 3815 civibus
1390 3741 1436 3815 de
1462 3741 1591 3816 Steden
1613 3739 1776 3814 fidelibus
1797 3742 1872 3815 snio
1889 3742 2033 3836 gretiam

622 3892 721 3943 suem
739 3877 774 3942 et
797 3887 900 3940 omne
923 3865 1067 3939 bonum.
1085 3863 1228 3939 Iiudum
1248 3865 1285 3937 in
1307 3863 1452 3959 collegio
1473 3865 1571 3938 curie
1582 3863 1871 3960 moguntinensis,
1891 3864 1937 3939 de
1953 3886 2034 3940 oon·

622 3993 699 4066 silio
713 3990 909 4087 principum
925 3999 1133 4082 nostrorum,
1143 3985 1323 4063 Oddonem
1340 3985 1386 4060 de
1400 3983 1605 4062 Lnneborch
1622 3987 1659 4060 in
1673 3985 1864 4085 prinoipem
1878 3997 2034 4063 nostrum

623 4115 834 4206 creavimus,
851 4112 918 4186 eihi
931 4114 1148 4187 conferentes
1163 4112 1199 4186 in
1215 4112 1364 4186 iendnm
1375 4109 1605 4186 hereditatem
1620 4113 1849 4210 pertinentem
1861 4111 1911 4188 cd
1923 4111 2036 4187 domi·

623 4241 723 4314 nium
758 4239 804 4313 de
830 4238 1032 4328 Brnnewic,
1054 4257 1160 4332 quom
1184 4257 1207 4310 n
1231 4236 1368 4312 dilectio
1388 4235 1605 4334 principibus
1627 4239 1754 4312 nostrie
1777 4235 1926 4312 Oddone
1945 4236 2039 4312 dnce

624 4365 770 4452 horarie
786 4372 823 4436 et
836 4359 1037 4436 marchione
1051 4360 1098 4434 de
1108 4359 1228 4434 Beden
1243 4361 1327 4434 olim
1342 4381 1556 4455 emeremus,
1570 4361 1713 4435 nomine
1726 4383 1877 4435 nxornm
1895 4381 2039 4434 enarum

623 4489 851 4586 pertinentem
877 4483 1182 4583 (cpndeoedem.
1214 4484 1452 4559 Veromcnm
1481 4484 1636 4580 quedem
1669 4484 2039 4582 dehmnditeteipon

623 4623 743 4686 tmere
763 4609 930 4684 dicemini
953 4617 1073 4684 conon
1095 4608 1312 4684 collationem
1326 4608 1397 4706 ipsi
1416 4609 1564 4707 principi
1581 4618 1699 4683 ncntm
1721 4609 1862 4702 metam,
1880 4607 2040 4683 nomem·

623 4739 737 4804 vestre
755 4727 977 4825 precipiendo
991 4727 1196 4802 mandemus
1215 4739 1444 4826 quatenneee
1460 4751 1531 4826 qne
1545 4727 1592 4802 de
1606 4727 1797 4804 hereditate
1810 4727 1891 4826 ipen
1899 4727 2036 4819 tenetis,

666 4903 707 4984 (n)
725 4903 782 4983 hp.
798 4903 962 4984 Schoeptltn
977 4901 1167 4986 pereniter,
1182 4907 1283 4969 mindo
1293 4911 1384 4970 remo.
