4859 6359
378 750 477 810 horor.
494 744 537 827 7.]
827 737 1024 801 HISTORIA
1051 740 1346 807 ntt‘tottrtrtcrt.
1730 744 1793 806 625

379 898 465 951 ram.
485 876 642 947 Nostram
661 872 790 966 qnippe
806 871 949 965 gloriam
961 872 1038 944 aliis
1055 894 1123 945 non
1136 873 1271 965 daturi,
1289 875 1486 969 sepedictus
1503 877 1626 949 iratres
1638 876 1684 947 ab
1698 877 1793 948 omni

380 1000 561 1073 exactione
579 1006 614 1069 et
629 994 871 1089 jurisdictione
897 994 1110 1069 advocaticia
1138 994 1356 1069 decernimus
1377 998 1526 1089 alienos,
1554 1019 1702 1092 quornm
1728 1020 1792 1071 nos

380 1124 474 1197 solus
487 1132 522 1195 ct
534 1122 660 1193 unicus
676 1118 824 1191 dicimur
840 1130 875 1191 et
894 1140 1015 1191 sumus
1032 1120 1233 1192 advocatus.
1253 1122 1442 1194 Universae
1458 1122 1564 1213 igitur
1577 1123 1793 1216 presentibus

381 1246 568 1321 contrarias
599 1242 824 1333 assertiones,
854 1251 1000 1337 utpote
1032 1264 1159 1315 vacuas
1191 1245 1357 1337 veritate,
1392 1246 1507 1318 irritas
1526 1246 1743 1321 decernimus
1760 1257 1795 1318 et

384 1372 506 1444 inanes
524 1380 558 1441 et
576 1369 622 1442 ab
639 1368 732 1441 omni
749 1366 886 1461 penitus
902 1368 1023 1440 robore
1042 1370 1254 1463 peregrinas.

429 1497 546 1567 Testes
561 1500 642 1564 sunt
659 1491 696 1561 hi
717 1518 726 1561 :
746 1490 895 1564 Siiridus
916 1491 1124 1563 venerahilis
1144 1494 1367 1585 Mogontinus
1385 1494 1682 1591 archiepiscopus,
1702 1496 1795 1568 Her-

381 1639 530 1690 mannus
550 1614 849 1708 wirzeburgensis
867 1614 1067 1709 episcopus,
1100 1614 1283 1687 Heinricus
1311 1618 1571 1691 wormatiensis
1591 1619 1793 1713 episcopus,

383 1744 723 1815 Hamannusoomos
734 1734 806 1835 [de]
817 1737 1033 1831 Harzisherg,
1049 1738 1269 1811 Eberhardus
1287 1739 1332 1811 de
1344 1740 1536 1831 Eherstein,
1555 1742 1735 1813 Heinricus
1748 1738 1795 1813 de

382 1866 512 1953 Nicen,
533 1861 759 1957 liaymuudus
776 1862 885 1933 abhus
901 1862 946 1934 de
960 1860 1155 1949 Eberhach,
1177 1862 1354 1934 Corradus
1366 1864 1476 1936 abbas
1496 1864 1542 1937 do
1554 1863 1790 1957 Schonangia,

383 1986 634 2081 Degenhardns
661 1984 855 2080 prepositus
879 1983 924 2057 de
954 1986 1091 2077 Houge,
1119 1984 1199 2057 Giso
1229 1984 1495 2059 archidiaconus
1523 2002 1558 2059 et
1587 1988 1791 2080 canonicus,

384 2111 581 2187 Waltherus
595 2110 783 2183 canonicus
799 2108 1068 2203 herbipolensis,
1091 2120 1125 2181 et
1142 2110 1199 2181 alii
1216 2112 1449 2204 quamplures.

433 2238 557 2309 Datum
574 2256 634 2330 per
648 2256 790 2306 manum
809 2232 914 2305 Uirici
930 2232 1052 2305 notarii
1072 2233 1168 2328 apud
1186 2235 1431 2325 Wormatiam,
1454 2235 1534 2307 Xlll
1550 2233 1716 2308 kalendas
1734 2234 1797 2308 de-

389 2359 552 2449 cembris,
573 2358 764 2433 indictione
781 2358 858 2447 Vll,
879 2356 984 2429 Verbi
1000 2358 1166 2431 incarnati
1182 2380 1276 2431 anno
1294 2360 1532 2433 Mccxxxttt.

963 2698 1219 2713 ψ

793 2927 905 2989 Atttto
932 2928 1031 2991 12³4.
1055 2964 1094 2976 -
1114 2929 1356 2990 lNDlG'l'lONll
1382 2930 1409 2990 'l.

962 3180 1231 3203 *ιι-

444 3418 647 3523 hienricus,
668 3419 927 3501 Romanorum
954 3443 1038 3521 rex,
1060 3417 1281 3501 monasterii
1302 3418 1344 3499 in
1369 3416 1616 3529 Weingarten
1637 3444 1797 3529 posses-

393 3556 515 3641 siones
535 3564 572 3637 et
590 3552 680 3663 jura
702 3552 832 3634 omnia
854 3550 1078 3657 confirmat,
1098 3551 1266 3635 decernit
1282 3552 1377 3662 quid
1397 3551 1541 3661 injure
1561 3552 1800 3635 censualium
1889 3570 1918 3602 ‘¹⁸

395 3690 469 3771 sire
489 3686 779 3771 morticinorum
811 3684 934 3767 eidem
955 3684 1133 3767 eeclesiae
1159 3685 1292 3767 cedere
1308 3684 1463 3789 debeat,
1479 3683 1544 3793 jus
1562 3683 1678 3767 simul
1704 3710 1799 3769 mo-

396 3821 545 3905 nasterii
573 3822 621 3902 de
657 3818 857 3903 novalibus
893 3818 934 3899 in
971 3817 1077 3927 sylva
1108 3816 1314 3901 Altoriensi
1344 3818 1503 3901 excultis
1533 3817 1695 3925 diffinit,
1725 3817 1804 3901 hoo

394 3956 537 4037 addens
554 3953 658 4062 quod
677 3952 807 4035 nullus
825 3950 1047 4035 colonorum
1072 3950 1192 4059 ipsius
1220 3953 1440 4035 monasterii
1465 3977 1595 4034 aream
1616 3951 1656 4032 in
1675 3950 1803 4034 Alteri

394 4086 451 4170 rel
479 4088 519 4167 in
546 4085 794 4195 Ravenshurg
816 4084 903 4195 jure
939 4084 1011 4169 lori
1038 4085 1230 4193 possidere
1255 4086 1402 4195 valeat,
1430 4086 1618 4196 pluraque
1643 4084 1800 4193 insuper

394 4219 589 4329 privilegia
607 4218 795 4329 adjungit.

475 4434 596 4514 (Inedit.
613 4450 653 4495 ex
665 4434 800 4513 originali
813 4436 844 4493 in
859 4432 972 4495 archiv.
988 4432 1162 4513 stuttgart,
1176 4434 1257 4513 qnod
1269 4435 1356 4497 uohts
1375 4436 1606 4499 communicarit
1625 4436 1797 4501 Knuslmus.

512 4540 648 4619 Sigillum
661 4542 708 4601 vel
722 4556 811 4601 aurea
826 4539 924 4615 hulla,
940 4543 966 4602 sl
982 4542 1101 4621 quando
1121 4542 1239 4620 aderat,
1260 4545 1346 4619 periit
1362 4560 1417 4603 nec
1431 4544 1488 4603 nisi
1504 4542 1621 4604 illorum
1641 4544 1799 4609 rubrorum

513 4648 718 4725 ssavorumque
730 4646 853 4708 laciniae
866 4654 1031 4725 supersunt.
1045 4648 1235 4725 Privilegium
1250 4654 1418 4725 suspectum
1431 4647 1536 4711 hahuit
1553 4650 1749 4727 Boehmerus,
1769 4659 1800 4713 et

512 4770 575 4813 non
589 4756 652 4813 siue
663 4770 767 4828 causa,
782 4754 853 4815 dum
867 4757 942 4814 tuter
953 4754 1194 4831 thegurtenses
1208 4754 1325 4815 chartas
1340 4755 1485 4831 quaedam
1506 4759 1668 4819 certissime
1685 4762 1800 4836 spuriae

514 4858 687 4921 habeantur.
704 4858 763 4939 (Gi.
778 4860 852 4938 qnid
865 4876 954 4937 snpra
966 4864 1177 4939 notaverimus,
1192 4866 1215 4921 t.
1233 4862 1258 4937 I,
1273 4879 1305 4939 p.
1321 4859 1407 4941 att.)
1420 4862 1503 4924 Istud
1516 4870 1614 4926 nmen
1634 4865 1708 4925 nthtl
1720 4866 1800 4928 aliud

474 4962 528 5027 IV.
550 4973 608 5023 Parc
620 4981 642 5023 2.
1604 4978 1642 5033 79
