<?xml version="1.0" encoding="UTF-8"?>
<!DOCTYPE html PUBLIC "-//W3C//DTD XHTML 1.0 Transitional//EN"
    "http://www.w3.org/TR/xhtml1/DTD/xhtml1-transitional.dtd">
<html xmlns="http://www.w3.org/1999/xhtml" xml:lang="en" lang="en">
 <head>
  <title>
</title>
<meta http-equiv="Content-Type" content="text/html;charset=utf-8" />
  <meta name='ocr-system' content='tesseract 3.04.00' />
  <meta name='ocr-capabilities' content='ocr_page ocr_carea ocr_par ocr_line ocrx_word'/>
</head>
<body>
  <div class='ocr_page' id='page_1' title='image "./historiadiploma05fredgoog_0245.png"; bbox 0 0 4859 6359; ppageno 0'>
   <div class='ocr_carea' id='block_1_1' title="bbox 445 785 1867 895">
    <p class='ocr_par' dir='ltr' id='par_1_1' title="bbox 445 785 1867 895">
     <span class='ocr_line' id='line_1_1' title="bbox 445 785 1867 895; baseline -0.022 -17"><span class='ocrx_word' id='word_1_1' title='bbox 445 809 602 895; x_wconf 64' lang='lat' dir='ltr'><strong>truse]</strong></span> <span class='ocrx_word' id='word_1_2' title='bbox 895 786 1414 864; x_wconf 78' lang='lat' dir='ltr'><strong>ursrcutsmrtcutmcu</strong></span> <span class='ocrx_word' id='word_1_3' title='bbox 1799 785 1867 848; x_wconf 82' lang='lat' dir='ltr'><strong>rer·</strong></span> 
     </span>
    </p>
   </div>
   <div class='ocr_carea' id='block_1_2' title="bbox 323 925 1857 1042">
    <p class='ocr_par' dir='ltr' id='par_1_2' title="bbox 323 925 1857 1042">
     <span class='ocr_line' id='line_1_2' title="bbox 323 925 1857 1042; baseline -0.02 -16"><span class='ocrx_word' id='word_1_4' title='bbox 323 949 327 968; x_wconf 70' lang='lat'><em>¹</em></span> <span class='ocrx_word' id='word_1_5' title='bbox 448 949 577 1024; x_wconf 84' lang='lat' dir='ltr'><strong>ceeimc</strong></span> <span class='ocrx_word' id='word_1_6' title='bbox 591 943 727 1042; x_wconf 86' lang='lat' dir='ltr'><strong>quinto,</strong></span> <span class='ocrx_word' id='word_1_7' title='bbox 742 951 861 1013; x_wconf 87' lang='lat' dir='ltr'><strong>mense</strong></span> <span class='ocrx_word' id='word_1_8' title='bbox 874 935 1036 1027; x_wconf 80' lang='lat' dir='ltr'><strong>cumbris,</strong></span> <span class='ocrx_word' id='word_1_9' title='bbox 1051 928 1244 1010; x_wconf 85' lang='lat' dir='ltr'><strong>indictione</strong></span> <span class='ocrx_word' id='word_1_10' title='bbox 1255 951 1362 1027; x_wconf 84' lang='lat' dir='ltr'><strong>nonu,</strong></span> <span class='ocrx_word' id='word_1_11' title='bbox 1376 927 1567 1028; x_wconf 61' lang='lat' dir='ltr'><strong>innuente</strong></span> <span class='ocrx_word' id='word_1_12' title='bbox 1580 925 1722 1002; x_wconf 84' lang='lat' dir='ltr'><strong>dominc</strong></span> <span class='ocrx_word' id='word_1_13' title='bbox 1737 933 1857 998; x_wconf 78' lang='lat' dir='ltr'><strong>nostre</strong></span> 
     </span>
    </p>
   </div>
   <div class='ocr_carea' id='block_1_3' title="bbox 448 1053 1861 1658">
    <p class='ocr_par' dir='ltr' id='par_1_3' title="bbox 448 1053 1861 1658">
     <span class='ocr_line' id='line_1_3' title="bbox 448 1053 1859 1158; baseline -0.017 -14"><span class='ocrx_word' id='word_1_14' title='bbox 448 1069 638 1158; x_wconf 84' lang='lat' dir='ltr'><strong>Fridericc,</strong></span> <span class='ocrx_word' id='word_1_15' title='bbox 664 1063 728 1139; x_wconf 89' lang='lat' dir='ltr'><strong>Dei</strong></span> <span class='ocrx_word' id='word_1_16' title='bbox 754 1060 865 1158; x_wconf 74' lang='lat' dir='ltr'><strong>grstia</strong></span> <span class='ocrx_word' id='word_1_17' title='bbox 885 1053 1114 1133; x_wconf 79' lang='lat' dir='ltr'><strong>invictissimo</strong></span> <span class='ocrx_word' id='word_1_18' title='bbox 1140 1059 1373 1134; x_wconf 80' lang='lat' dir='ltr'><strong>Romanorum</strong></span> <span class='ocrx_word' id='word_1_19' title='bbox 1399 1056 1605 1152; x_wconf 72' lang='lat' dir='ltr'>imperatore</span> <span class='ocrx_word' id='word_1_20' title='bbox 1631 1069 1769 1148; x_wconf 79' lang='lat' dir='ltr'><strong>semper</strong></span> <span class='ocrx_word' id='word_1_21' title='bbox 1793 1061 1859 1122; x_wconf 77' lang='lat' dir='ltr'><strong>tn-</strong></span> 
     </span>
     <span class='ocr_line' id='line_1_4' title="bbox 449 1174 1861 1290; baseline -0.015 -23"><span class='ocrx_word' id='word_1_22' title='bbox 449 1203 571 1290; x_wconf 78' lang='lat' dir='ltr'><strong>gnstc,</strong></span> <span class='ocrx_word' id='word_1_23' title='bbox 588 1182 778 1265; x_wconf 78' lang='lat' dir='ltr'><strong>Jerusalem</strong></span> <span class='ocrx_word' id='word_1_24' title='bbox 798 1193 834 1258; x_wconf 82' lang='lat' dir='ltr'><strong>ct</strong></span> <span class='ocrx_word' id='word_1_25' title='bbox 850 1181 967 1259; x_wconf 88' lang='lat' dir='ltr'><strong>Sicilie</strong></span> <span class='ocrx_word' id='word_1_26' title='bbox 980 1199 1077 1278; x_wconf 77' lang='lat' dir='ltr'><strong>rege,</strong></span> <span class='ocrx_word' id='word_1_27' title='bbox 1094 1197 1186 1256; x_wconf 80' lang='lat' dir='ltr'><strong>enno</strong></span> <span class='ocrx_word' id='word_1_28' title='bbox 1201 1181 1339 1279; x_wconf 83' lang='lat' dir='ltr'><strong>imperii</strong></span> <span class='ocrx_word' id='word_1_29' title='bbox 1355 1181 1435 1274; x_wconf 81' lang='lat' dir='ltr'><strong>ejus</strong></span> <span class='ocrx_word' id='word_1_30' title='bbox 1449 1174 1742 1276; x_wconf 81' lang='lat' dir='ltr'><strong>quintodecimo,</strong></span> <span class='ocrx_word' id='word_1_31' title='bbox 1759 1174 1861 1269; x_wconf 74' lang='lat' dir='ltr'><strong>regni</strong></span> 
     </span>
     <span class='ocr_line' id='line_1_5' title="bbox 451 1297 1858 1404; baseline -0.016 -12"><span class='ocrx_word' id='word_1_32' title='bbox 451 1315 640 1392; x_wconf 76' lang='lat' dir='ltr'><strong>Jerusalem</strong></span> <span class='ocrx_word' id='word_1_33' title='bbox 667 1305 824 1399; x_wconf 82' lang='lat' dir='ltr'><strong>decimo,</strong></span> <span class='ocrx_word' id='word_1_34' title='bbox 848 1305 947 1404; x_wconf 76' lang='lat' dir='ltr'><strong>regni</strong></span> <span class='ocrx_word' id='word_1_35' title='bbox 973 1321 1058 1381; x_wconf 79' lang='lat' dir='ltr'><strong>vett)</strong></span> <span class='ocrx_word' id='word_1_36' title='bbox 1087 1305 1207 1380; x_wconf 85' lang='lat' dir='ltr'><strong>Sicilie</strong></span> <span class='ocrx_word' id='word_1_37' title='bbox 1234 1305 1409 1379; x_wconf 69' lang='lat' dir='ltr'><strong>tricemtno</strong></span> <span class='ocrx_word' id='word_1_38' title='bbox 1439 1297 1858 1400; x_wconf 53' lang='lat' dir='ltr'><strong>repercutiuntur.</strong></span> 
     </span>
     <span class='ocr_line' id='line_1_6' title="bbox 452 1441 1700 1658; baseline -0.015 -21"><span class='ocrx_word' id='word_1_39' title='bbox 452 1441 626 1636; x_wconf 39' lang='grc' dir='ltr'><strong>ΑΗἰξιὶιὶιιιι</strong></span> <span class='ocrx_word' id='word_1_40' title='bbox 643 1557 740 1658; x_wconf 83' lang='lat' dir='ltr'><strong>apud</strong></span> <span class='ocrx_word' id='word_1_41' title='bbox 759 1558 1112 1652; x_wconf 62' lang='lat' dir='ltr'><strong>Augustamnicam,</strong></span> <span class='ocrx_word' id='word_1_42' title='bbox 1130 1569 1225 1628; x_wconf 76' lang='lat' dir='ltr'><strong>anno</strong></span> <span class='ocrx_word' id='word_1_43' title='bbox 1241 1561 1277 1626; x_wconf 85' lang='lat' dir='ltr'><strong>et</strong></span> <span class='ocrx_word' id='word_1_44' title='bbox 1288 1551 1477 1626; x_wconf 77' lang='lat' dir='ltr'><strong>indictione</strong></span> <span class='ocrx_word' id='word_1_45' title='bbox 1491 1548 1700 1646; x_wconf 80' lang='lat' dir='ltr'><strong>presciptiu</strong></span> 
     </span>
    </p>
   </div>
   <div class='ocr_carea' id='block_1_4' title="bbox 461 2175 1868 2568">
    <p class='ocr_par' dir='ltr' id='par_1_4' title="bbox 461 2175 1868 2568">
     <span class='ocr_line' id='line_1_7' title="bbox 507 2175 1867 2299; baseline -0.007 -24"><span class='ocrx_word' id='word_1_46' title='bbox 507 2185 741 2299; x_wconf 73' lang='lat' dir='ltr'><strong>isidorius,</strong></span> <span class='ocrx_word' id='word_1_47' title='bbox 776 2186 1038 2274; x_wconf 81' lang='lat' dir='ltr'><strong>Romanorum</strong></span> <span class='ocrx_word' id='word_1_48' title='bbox 1073 2185 1295 2297; x_wconf 78' lang='lat' dir='ltr'><strong>imperator,</strong></span> <span class='ocrx_word' id='word_1_49' title='bbox 1323 2181 1373 2269; x_wconf 84' lang='lat' dir='ltr'><strong>sd</strong></span> <span class='ocrx_word' id='word_1_50' title='bbox 1417 2182 1730 2294; x_wconf 78' lang='lat' dir='ltr'><strong>supplicationem</strong></span> <span class='ocrx_word' id='word_1_51' title='bbox 1765 2175 1867 2268; x_wconf 77' lang='lat' dir='ltr'><strong>Her·</strong></span> 
     </span>
     <span class='ocr_line' id='line_1_8' title="bbox 461 2311 1867 2434; baseline -0.003 -28"><span class='ocrx_word' id='word_1_52' title='bbox 461 2319 588 2406; x_wconf 84' lang='lat' dir='ltr'><strong>menni</strong></span> <span class='ocrx_word' id='word_1_53' title='bbox 623 2315 799 2434; x_wconf 81' lang='lat' dir='ltr'><strong>magistri</strong></span> <span class='ocrx_word' id='word_1_54' title='bbox 834 2317 973 2405; x_wconf 88' lang='lat' dir='ltr'><strong>domus</strong></span> <span class='ocrx_word' id='word_1_55' title='bbox 1008 2313 1168 2402; x_wconf 79' lang='lat' dir='ltr'>Sanctae</span> <span class='ocrx_word' id='word_1_56' title='bbox 1201 2311 1341 2404; x_wconf 81' lang='lat' dir='ltr'><strong>Mariae</strong></span> <span class='ocrx_word' id='word_1_57' title='bbox 1377 2311 1722 2425; x_wconf 84' lang='lat' dir='ltr'><strong>Theutuuimmm‚</strong></span> <span class='ocrx_word' id='word_1_58' title='bbox 1759 2315 1794 2400; x_wconf 88' lang='lat' dir='ltr'><strong>si</strong></span> <span class='ocrx_word' id='word_1_59' title='bbox 1828 2323 1867 2402; x_wconf 92' lang='lat' dir='ltr'><strong>et</strong></span> 
     </span>
     <span class='ocr_line' id='line_1_9' title="bbox 461 2443 1868 2568; baseline -0.004 -28"><span class='ocrx_word' id='word_1_60' title='bbox 461 2453 639 2542; x_wconf 81' lang='lat' dir='ltr'><strong>iratribus</strong></span> <span class='ocrx_word' id='word_1_61' title='bbox 670 2451 753 2568; x_wconf 82' lang='lat' dir='ltr'><strong>ejus</strong></span> <span class='ocrx_word' id='word_1_62' title='bbox 788 2449 986 2539; x_wconf 83' lang='lat' dir='ltr'><strong>ecclesiam</strong></span> <span class='ocrx_word' id='word_1_63' title='bbox 1012 2448 1054 2535; x_wconf 90' lang='lat' dir='ltr'><strong>in</strong></span> <span class='ocrx_word' id='word_1_64' title='bbox 1084 2447 1245 2561; x_wconf 85' lang='lat' dir='ltr'><strong>Kunitz,</strong></span> <span class='ocrx_word' id='word_1_65' title='bbox 1274 2471 1365 2536; x_wconf 88' lang='lat' dir='ltr'><strong>eum</strong></span> <span class='ocrx_word' id='word_1_66' title='bbox 1399 2443 1567 2535; x_wconf 85' lang='lat' dir='ltr'><strong>eeclesiis</strong></span> <span class='ocrx_word' id='word_1_67' title='bbox 1601 2452 1642 2534; x_wconf 90' lang='lat' dir='ltr'><strong>in</strong></span> <span class='ocrx_word' id='word_1_68' title='bbox 1676 2443 1798 2535; x_wconf 86' lang='lat' dir='ltr'><strong>Berne</strong></span> <span class='ocrx_word' id='word_1_69' title='bbox 1828 2459 1868 2535; x_wconf 88' lang='lat' dir='ltr'><strong>et</strong></span> 
     </span>
    </p>
   </div>
   <div class='ocr_carea' id='block_1_5' title="bbox 462 2579 1865 2832">
    <p class='ocr_par' dir='ltr' id='par_1_5' title="bbox 462 2579 1865 2832">
     <span class='ocr_line' id='line_1_10' title="bbox 462 2579 1865 2699; baseline -0.006 -25"><span class='ocrx_word' id='word_1_70' title='bbox 462 2589 694 2698; x_wconf 81' lang='lat' dir='ltr'><strong>Yuernstcrf‚</strong></span> <span class='ocrx_word' id='word_1_71' title='bbox 714 2615 812 2699; x_wconf 83' lang='lat' dir='ltr'><strong>ques</strong></span> <span class='ocrx_word' id='word_1_72' title='bbox 829 2583 922 2672; x_wconf 90' lang='lat' dir='ltr'><strong>olim</strong></span> <span class='ocrx_word' id='word_1_73' title='bbox 942 2581 1084 2671; x_wconf 89' lang='lat' dir='ltr'><strong>eisdem</strong></span> <span class='ocrx_word' id='word_1_74' title='bbox 1098 2581 1181 2697; x_wconf 86' lang='lat' dir='ltr'><strong>jem</strong></span> <span class='ocrx_word' id='word_1_75' title='bbox 1202 2581 1407 2692; x_wconf 85' lang='lat' dir='ltr'><strong>concessit,</strong></span> <span class='ocrx_word' id='word_1_76' title='bbox 1431 2579 1559 2669; x_wconf 86' lang='lat' dir='ltr'><strong>denuc</strong></span> <span class='ocrx_word' id='word_1_77' title='bbox 1580 2580 1753 2668; x_wconf 86' lang='lat' dir='ltr'><strong>concedit</strong></span> <span class='ocrx_word' id='word_1_78' title='bbox 1769 2590 1807 2669; x_wconf 87' lang='lat' dir='ltr'><strong>et</strong></span> <span class='ocrx_word' id='word_1_79' title='bbox 1823 2585 1865 2666; x_wconf 91' lang='lat' dir='ltr'><strong>in</strong></span> 
     </span>
     <span class='ocr_line' id='line_1_11' title="bbox 462 2719 1017 2832; baseline -0.007 -28"><span class='ocrx_word' id='word_1_80' title='bbox 462 2733 682 2832; x_wconf 87' lang='lat' dir='ltr'><strong>perpetuum</strong></span> <span class='ocrx_word' id='word_1_81' title='bbox 704 2719 917 2804; x_wconf 81' lang='lat' dir='ltr'><strong>confirmat.</strong></span> <span class='ocrx_word' id='word_1_82' title='bbox 1013 2723 1017 2730; x_wconf 87' lang='grc'><strong>’</strong></span> 
     </span>
    </p>
   </div>
   <div class='ocr_carea' id='block_1_6' title="bbox 542 2951 1870 3143">
    <p class='ocr_par' dir='ltr' id='par_1_6' title="bbox 542 2951 1870 3143">
     <span class='ocr_line' id='line_1_12' title="bbox 542 2951 1870 3043; baseline -0.004 -20"><span class='ocrx_word' id='word_1_83' title='bbox 542 2953 809 3043; x_wconf 68' lang='lat' dir='ltr'><strong>(mittamini.</strong></span> <span class='ocrx_word' id='word_1_84' title='bbox 825 2951 1031 3037; x_wconf 61' lang='lat' dir='ltr'><strong>Wecienbbrtt</strong></span> <span class='ocrx_word' id='word_1_85' title='bbox 1046 2971 1117 3021; x_wconf 83' lang='lat' dir='ltr'><strong>nnn.</strong></span> <span class='ocrx_word' id='word_1_86' title='bbox 1135 2961 1226 3033; x_wconf 70' lang='lat'><strong>1828,</strong></span> <span class='ocrx_word' id='word_1_87' title='bbox 1240 2964 1274 3018; x_wconf 84' lang='lat' dir='ltr'><strong>n⁶</strong></span> <span class='ocrx_word' id='word_1_88' title='bbox 1287 2963 1343 3031; x_wconf 71' lang='lat'><strong>28,</strong></span> <span class='ocrx_word' id='word_1_89' title='bbox 1364 2967 1395 3036; x_wconf 78' lang='lat' dir='ltr'><strong>p.</strong></span> <span class='ocrx_word' id='word_1_90' title='bbox 1412 2959 1487 3032; x_wconf 69' lang='lat'><strong>2363</strong></span> <span class='ocrx_word' id='word_1_91' title='bbox 1503 2956 1570 3019; x_wconf 86' lang='lat' dir='ltr'><strong>ccli.</strong></span> <span class='ocrx_word' id='word_1_92' title='bbox 1588 2966 1657 3018; x_wconf 82' lang='lat' dir='ltr'><strong>enm</strong></span> <span class='ocrx_word' id='word_1_93' title='bbox 1674 2951 1750 3018; x_wconf 86' lang='lat' dir='ltr'><strong>libro</strong></span> <span class='ocrx_word' id='word_1_94' title='bbox 1763 2954 1870 3036; x_wconf 86' lang='lat' dir='ltr'><strong>ecpinit</strong></span> 
     </span>
     <span class='ocr_line' id='line_1_13' title="bbox 579 3058 1484 3143; baseline -0.007 -15"><span class='ocrx_word' id='word_1_95' title='bbox 579 3065 645 3128; x_wconf 79' lang='lat' dir='ltr'><strong>orti.</strong></span> <span class='ocrx_word' id='word_1_96' title='bbox 660 3063 838 3128; x_wconf 78' lang='lat' dir='ltr'><strong>Theutcnic.</strong></span> <span class='ocrx_word' id='word_1_97' title='bbox 853 3067 885 3126; x_wconf 86' lang='lat' dir='ltr'><strong>tn</strong></span> <span class='ocrx_word' id='word_1_98' title='bbox 899 3065 1018 3128; x_wconf 78' lang='lat' dir='ltr'><strong>ereinuc</strong></span> <span class='ocrx_word' id='word_1_99' title='bbox 1029 3059 1237 3143; x_wconf 61' lang='lat' dir='ltr'><strong>temutes,</strong></span> <span class='ocrx_word' id='word_1_100' title='bbox 1252 3060 1306 3124; x_wconf 83' lang='lat' dir='ltr'><strong>ici.</strong></span> <span class='ocrx_word' id='word_1_101' title='bbox 1321 3058 1484 3142; x_wconf 75' lang='lat' dir='ltr'><strong>tit-tit.)</strong></span> 
     </span>
    </p>
   </div>
   <div class='ocr_carea' id='block_1_7' title="bbox 466 3273 1880 4612">
    <p class='ocr_par' dir='ltr' id='par_1_7' title="bbox 466 3273 1880 4612">
     <span class='ocr_line' id='line_1_14' title="bbox 510 3273 1873 3368; baseline -0.002 -15"><span class='ocrx_word' id='word_1_102' title='bbox 510 3281 549 3353; x_wconf 89' lang='lat' dir='ltr'><strong>ln</strong></span> <span class='ocrx_word' id='word_1_103' title='bbox 567 3281 707 3354; x_wconf 83' lang='lat' dir='ltr'><strong>nomine</strong></span> <span class='ocrx_word' id='word_1_104' title='bbox 729 3287 849 3352; x_wconf 77' lang='lat' dir='ltr'><strong>murm</strong></span> <span class='ocrx_word' id='word_1_105' title='bbox 864 3287 901 3352; x_wconf 86' lang='lat' dir='ltr'><strong>et</strong></span> <span class='ocrx_word' id='word_1_106' title='bbox 920 3277 1103 3352; x_wconf 81' lang='lat' dir='ltr'><strong>individue</strong></span> <span class='ocrx_word' id='word_1_107' title='bbox 1121 3275 1308 3350; x_wconf 77' lang='lat' dir='ltr'><strong>Trinitatis.</strong></span> <span class='ocrx_word' id='word_1_108' title='bbox 1330 3275 1525 3349; x_wconf 82' lang='lat' dir='ltr'><strong>Fridericus</strong></span> <span class='ocrx_word' id='word_1_109' title='bbox 1540 3273 1735 3368; x_wconf 79' lang='lat' dir='ltr'><strong>secundus,</strong></span> <span class='ocrx_word' id='word_1_110' title='bbox 1750 3274 1873 3350; x_wconf 79' lang='lat' dir='ltr'><strong>dirim</strong></span> 
     </span>
     <span class='ocr_line' id='line_1_15' title="bbox 467 3399 1875 3497; baseline -0.003 -20"><span class='ocrx_word' id='word_1_111' title='bbox 467 3405 604 3477; x_wconf 79' lang='lat' dir='ltr'><strong>invente</strong></span> <span class='ocrx_word' id='word_1_112' title='bbox 627 3403 812 3476; x_wconf 79' lang='lat' dir='ltr'><strong>clementis</strong></span> <span class='ocrx_word' id='word_1_113' title='bbox 834 3403 1070 3475; x_wconf 80' lang='lat' dir='ltr'><strong>Romanorum</strong></span> <span class='ocrx_word' id='word_1_114' title='bbox 1091 3401 1277 3497; x_wconf 78' lang='lat' dir='ltr'><strong>imperator</strong></span> <span class='ocrx_word' id='word_1_115' title='bbox 1300 3419 1439 3497; x_wconf 77' lang='lat' dir='ltr'><strong>semper</strong></span> <span class='ocrx_word' id='word_1_116' title='bbox 1464 3407 1650 3494; x_wconf 69' lang='lat' dir='ltr'><strong>rugum,</strong></span> <span class='ocrx_word' id='word_1_117' title='bbox 1682 3399 1875 3474; x_wconf 62' lang='lat' dir='ltr'><strong>inermem</strong></span> 
     </span>
     <span class='ocr_line' id='line_1_16' title="bbox 466 3521 1875 3620; baseline 0 -21"><span class='ocrx_word' id='word_1_118' title='bbox 466 3537 500 3599; x_wconf 90' lang='lat' dir='ltr'><strong>et</strong></span> <span class='ocrx_word' id='word_1_119' title='bbox 517 3526 634 3600; x_wconf 81' lang='lat' dir='ltr'><strong>Sicilie</strong></span> <span class='ocrx_word' id='word_1_120' title='bbox 648 3547 726 3599; x_wconf 83' lang='lat' dir='ltr'><strong>rex.</strong></span> <span class='ocrx_word' id='word_1_121' title='bbox 751 3526 788 3599; x_wconf 94' lang='lat' dir='ltr'><strong>Si</strong></span> <span class='ocrx_word' id='word_1_122' title='bbox 811 3524 969 3600; x_wconf 85' lang='lat' dir='ltr'><strong>fidelium</strong></span> <span class='ocrx_word' id='word_1_123' title='bbox 990 3534 1186 3598; x_wconf 81' lang='lat' dir='ltr'><strong>nostrerum</strong></span> <span class='ocrx_word' id='word_1_124' title='bbox 1205 3527 1242 3599; x_wconf 88' lang='lat' dir='ltr'><strong>et</strong></span> <span class='ocrx_word' id='word_1_125' title='bbox 1259 3541 1379 3600; x_wconf 84' lang='lat' dir='ltr'><strong>eornm</strong></span> <span class='ocrx_word' id='word_1_126' title='bbox 1399 3523 1566 3620; x_wconf 81' lang='lat' dir='ltr'><strong>precipue</strong></span> <span class='ocrx_word' id='word_1_127' title='bbox 1591 3538 1741 3618; x_wconf 81' lang='lat' dir='ltr'><strong>querum</strong></span> <span class='ocrx_word' id='word_1_128' title='bbox 1760 3521 1875 3599; x_wconf 79' lang='lat' dir='ltr'><strong>devo·</strong></span> 
     </span>
     <span class='ocr_line' id='line_1_17' title="bbox 467 3646 1876 3744; baseline 0.002 -25"><span class='ocrx_word' id='word_1_129' title='bbox 467 3648 593 3721; x_wconf 88' lang='lat' dir='ltr'><strong>tionem</strong></span> <span class='ocrx_word' id='word_1_130' title='bbox 625 3649 796 3744; x_wconf 82' lang='lat' dir='ltr'><strong>obsequie</strong></span> <span class='ocrx_word' id='word_1_131' title='bbox 818 3649 968 3744; x_wconf 71' lang='lat' dir='ltr'><strong>gratiora</strong></span> <span class='ocrx_word' id='word_1_132' title='bbox 993 3647 1256 3739; x_wconf 82' lang='lat' dir='ltr'><strong>commendant,</strong></span> <span class='ocrx_word' id='word_1_133' title='bbox 1288 3647 1471 3742; x_wconf 75' lang='lat' dir='ltr'><strong>petitiones</strong></span> <span class='ocrx_word' id='word_1_134' title='bbox 1503 3646 1739 3720; x_wconf 65' lang='lat' dir='ltr'><strong>incurabiliter</strong></span> <span class='ocrx_word' id='word_1_135' title='bbox 1764 3663 1876 3722; x_wconf 78' lang='lat' dir='ltr'><strong>exeu-</strong></span> 
     </span>
     <span class='ocr_line' id='line_1_18' title="bbox 468 3768 1874 3868; baseline 0.001 -25"><span class='ocrx_word' id='word_1_136' title='bbox 468 3768 596 3862; x_wconf 83' lang='lat' dir='ltr'><strong>dimus,</strong></span> <span class='ocrx_word' id='word_1_137' title='bbox 622 3771 752 3845; x_wconf 73' lang='lat' dir='ltr'><strong>uorum</strong></span> <span class='ocrx_word' id='word_1_138' title='bbox 768 3772 888 3868; x_wconf 84' lang='lat' dir='ltr'><strong>potius</strong></span> <span class='ocrx_word' id='word_1_139' title='bbox 906 3772 1110 3846; x_wconf 73' lang='lat' dir='ltr'><strong>utilitatibus</strong></span> <span class='ocrx_word' id='word_1_140' title='bbox 1130 3770 1374 3867; x_wconf 81' lang='lat' dir='ltr'><strong>providemus,</strong></span> <span class='ocrx_word' id='word_1_141' title='bbox 1398 3769 1485 3843; x_wconf 90' lang='lat' dir='ltr'><strong>dum</strong></span> <span class='ocrx_word' id='word_1_142' title='bbox 1499 3768 1596 3866; x_wconf 85' lang='lat' dir='ltr'><strong>quod</strong></span> <span class='ocrx_word' id='word_1_143' title='bbox 1613 3770 1676 3842; x_wconf 87' lang='lat' dir='ltr'><strong>uni</strong></span> <span class='ocrx_word' id='word_1_144' title='bbox 1699 3772 1874 3845; x_wconf 78' lang='lat' dir='ltr'><strong>confertur</strong></span> 
     </span>
     <span class='ocr_line' id='line_1_19' title="bbox 467 3893 1877 3994; baseline 0.001 -26"><span class='ocrx_word' id='word_1_145' title='bbox 467 3895 512 3968; x_wconf 88' lang='lat' dir='ltr'><strong>oh</strong></span> <span class='ocrx_word' id='word_1_146' title='bbox 529 3896 691 3970; x_wconf 80' lang='lat' dir='ltr'><strong>meritum</strong></span> <span class='ocrx_word' id='word_1_147' title='bbox 712 3895 966 3970; x_wconf 75' lang='lat' dir='ltr'><strong>transfunditur</strong></span> <span class='ocrx_word' id='word_1_148' title='bbox 978 3895 1023 3969; x_wconf 87' lang='lat' dir='ltr'><strong>ad</strong></span> <span class='ocrx_word' id='word_1_149' title='bbox 1038 3896 1125 3970; x_wconf 82' lang='lat' dir='ltr'><strong>nh&#39;cs</strong></span> <span class='ocrx_word' id='word_1_150' title='bbox 1138 3914 1202 3994; x_wconf 86' lang='lat' dir='ltr'><strong>per</strong></span> <span class='ocrx_word' id='word_1_151' title='bbox 1218 3896 1431 3991; x_wconf 80' lang='lat' dir='ltr'><strong>exemptum.</strong></span> <span class='ocrx_word' id='word_1_152' title='bbox 1451 3893 1627 3970; x_wconf 74' lang='lat' dir='ltr'><strong>Univerris</strong></span> <span class='ocrx_word' id='word_1_153' title='bbox 1641 3893 1747 3988; x_wconf 80' lang='lat' dir='ltr'><strong>igitur</strong></span> <span class='ocrx_word' id='word_1_154' title='bbox 1759 3903 1877 3970; x_wconf 80' lang='lat' dir='ltr'><strong>nosue</strong></span> 
     </span>
     <span class='ocr_line' id='line_1_20' title="bbox 467 4017 1879 4116; baseline 0.004 -26"><span class='ocrx_word' id='word_1_155' title='bbox 467 4020 613 4116; x_wconf 87' lang='lat' dir='ltr'><strong>imperio</strong></span> <span class='ocrx_word' id='word_1_156' title='bbox 642 4021 807 4115; x_wconf 77' lang='lat' dir='ltr'><strong>subjectis</strong></span> <span class='ocrx_word' id='word_1_157' title='bbox 831 4029 900 4094; x_wconf 79' lang='lat' dir='ltr'><strong>tum</strong></span> <span class='ocrx_word' id='word_1_158' title='bbox 931 4020 1148 4115; x_wconf 82' lang='lat' dir='ltr'><strong>presentibus</strong></span> <span class='ocrx_word' id='word_1_159' title='bbox 1171 4041 1277 4116; x_wconf 79' lang='lat' dir='ltr'><strong>qnam</strong></span> <span class='ocrx_word' id='word_1_160' title='bbox 1307 4018 1433 4092; x_wconf 82' lang='lat' dir='ltr'><strong>tuturis</strong></span> <span class='ocrx_word' id='word_1_161' title='bbox 1459 4017 1626 4092; x_wconf 79' lang='lat' dir='ltr'><strong>volumus</strong></span> <span class='ocrx_word' id='word_1_162' title='bbox 1650 4040 1727 4093; x_wconf 83' lang='lat' dir='ltr'><strong>esee</strong></span> <span class='ocrx_word' id='word_1_163' title='bbox 1754 4029 1879 4094; x_wconf 81' lang='lat' dir='ltr'><strong>netum</strong></span> 
     </span>
     <span class='ocr_line' id='line_1_21' title="bbox 467 4143 1878 4244; baseline 0.001 -24"><span class='ocrx_word' id='word_1_164' title='bbox 467 4145 564 4241; x_wconf 82' lang='lat' dir='ltr'><strong>qued</strong></span> <span class='ocrx_word' id='word_1_165' title='bbox 583 4147 788 4220; x_wconf 85' lang='lat' dir='ltr'><strong>constitutus</strong></span> <span class='ocrx_word' id='word_1_166' title='bbox 810 4147 851 4220; x_wconf 89' lang='lat' dir='ltr'><strong>in</strong></span> <span class='ocrx_word' id='word_1_167' title='bbox 866 4148 1039 4244; x_wconf 79' lang='lat' dir='ltr'><strong>preuemie</strong></span> <span class='ocrx_word' id='word_1_168' title='bbox 1056 4155 1177 4222; x_wconf 82' lang='lat' dir='ltr'><strong>nostru</strong></span> <span class='ocrx_word' id='word_1_169' title='bbox 1189 4147 1295 4220; x_wconf 80' lang='lat' dir='ltr'><strong>irater</strong></span> <span class='ocrx_word' id='word_1_170' title='bbox 1315 4145 1553 4237; x_wconf 71' lang='lat' dir='ltr'><strong>Hermam,</strong></span> <span class='ocrx_word' id='word_1_171' title='bbox 1566 4143 1777 4218; x_wconf 76' lang='lat' dir='ltr'><strong>venerabitis</strong></span> <span class='ocrx_word' id='word_1_172' title='bbox 1803 4167 1878 4222; x_wconf 80' lang='lat' dir='ltr'><strong>mc·</strong></span> 
     </span>
     <span class='ocr_line' id='line_1_22' title="bbox 468 4269 1879 4366; baseline 0.003 -25"><span class='ocrx_word' id='word_1_173' title='bbox 468 4269 574 4362; x_wconf 78' lang='lat' dir='ltr'><strong>gister</strong></span> <span class='ocrx_word' id='word_1_174' title='bbox 594 4269 719 4344; x_wconf 90' lang='lat' dir='ltr'><strong>domus</strong></span> <span class='ocrx_word' id='word_1_175' title='bbox 736 4271 916 4366; x_wconf 78' lang='lat' dir='ltr'><strong>hospitalis</strong></span> <span class='ocrx_word' id='word_1_176' title='bbox 939 4273 1064 4346; x_wconf 85' lang='lat' dir='ltr'><strong>Sancte</strong></span> <span class='ocrx_word' id='word_1_177' title='bbox 1087 4271 1195 4346; x_wconf 83' lang='lat' dir='ltr'><strong>Maris</strong></span> <span class='ocrx_word' id='word_1_178' title='bbox 1217 4269 1507 4344; x_wconf 69' lang='lat' dir='ltr'><strong>&#39;theutonicorum</strong></span> <span class='ocrx_word' id='word_1_179' title='bbox 1532 4269 1570 4341; x_wconf 94' lang='lat' dir='ltr'><strong>in</strong></span> <span class='ocrx_word' id='word_1_180' title='bbox 1591 4269 1800 4361; x_wconf 79' lang='lat' dir='ltr'><strong>Jerusalem,</strong></span> <span class='ocrx_word' id='word_1_181' title='bbox 1823 4271 1879 4345; x_wconf 93' lang='lat' dir='ltr'><strong>di·</strong></span> 
     </span>
     <span class='ocr_line' id='line_1_23' title="bbox 468 4389 1880 4492; baseline 0.004 -28"><span class='ocrx_word' id='word_1_182' title='bbox 468 4393 577 4466; x_wconf 89' lang='lat' dir='ltr'><strong>lectus</strong></span> <span class='ocrx_word' id='word_1_183' title='bbox 601 4392 713 4468; x_wconf 84' lang='lat' dir='ltr'><strong>fidelis</strong></span> <span class='ocrx_word' id='word_1_184' title='bbox 731 4404 859 4485; x_wconf 84' lang='lat' dir='ltr'><strong>noster,</strong></span> <span class='ocrx_word' id='word_1_185' title='bbox 881 4405 996 4470; x_wconf 88' lang='lat' dir='ltr'><strong>nostre</strong></span> <span class='ocrx_word' id='word_1_186' title='bbox 1016 4395 1212 4469; x_wconf 87' lang='lat' dir='ltr'><strong>celsitudini</strong></span> <span class='ocrx_word' id='word_1_187' title='bbox 1227 4391 1435 4490; x_wconf 77' lang='lat' dir='ltr'><strong>supplicarit</strong></span> <span class='ocrx_word' id='word_1_188' title='bbox 1456 4390 1654 4488; x_wconf 86' lang='lat' dir='ltr'><strong>quodcum</strong></span> <span class='ocrx_word' id='word_1_189' title='bbox 1676 4389 1759 4467; x_wconf 89' lang='lat' dir='ltr'><strong>olim</strong></span> <span class='ocrx_word' id='word_1_190' title='bbox 1782 4394 1880 4492; x_wconf 81' lang='lat' dir='ltr'><strong>apud</strong></span> 
     </span>
     <span class='ocr_line' id='line_1_24' title="bbox 469 4515 1880 4612; baseline 0.004 -26"><span class='ocrx_word' id='word_1_191' title='bbox 469 4517 623 4612; x_wconf 81' lang='lat' dir='ltr'><strong>Burgum</strong></span> <span class='ocrx_word' id='word_1_192' title='bbox 646 4518 764 4591; x_wconf 82' lang='lat' dir='ltr'><strong>Sancti</strong></span> <span class='ocrx_word' id='word_1_193' title='bbox 789 4519 941 4592; x_wconf 88' lang='lat' dir='ltr'><strong>Donnini</strong></span> <span class='ocrx_word' id='word_1_194' title='bbox 967 4519 1035 4591; x_wconf 90' lang='lat' dir='ltr'><strong>sibi</strong></span> <span class='ocrx_word' id='word_1_195' title='bbox 1059 4527 1094 4592; x_wconf 93' lang='lat' dir='ltr'><strong>et</strong></span> <span class='ocrx_word' id='word_1_196' title='bbox 1116 4517 1237 4592; x_wconf 88' lang='lat' dir='ltr'><strong>domui</strong></span> <span class='ocrx_word' id='word_1_197' title='bbox 1260 4539 1324 4591; x_wconf 89' lang='lat' dir='ltr'><strong>sne</strong></span> <span class='ocrx_word' id='word_1_198' title='bbox 1344 4515 1612 4601; x_wconf 82' lang='lat' dir='ltr'><strong>concesserimus</strong></span> <span class='ocrx_word' id='word_1_199' title='bbox 1638 4515 1819 4592; x_wconf 86' lang='lat' dir='ltr'><strong>ecclesiam</strong></span> <span class='ocrx_word' id='word_1_200' title='bbox 1842 4518 1880 4591; x_wconf 93' lang='lat' dir='ltr'><strong>in</strong></span> 
     </span>
    </p>
   </div>
   <div class='ocr_carea' id='block_1_8' title="bbox 473 4815 1886 4977">
    <p class='ocr_par' dir='ltr' id='par_1_8' title="bbox 473 4815 1886 4977">
     <span class='ocr_line' id='line_1_25' title="bbox 473 4815 1886 4977; baseline -0.004 -89"><span class='ocrx_word' id='word_1_201' title='bbox 473 4817 1317 4977; x_wconf 46' lang='lat' dir='ltr'><strong>dggfitmregnisicifinefflninqnementffinsimnnte</strong></span> <span class='ocrx_word' id='word_1_202' title='bbox 1338 4817 1492 4899; x_wconf 67' lang='lat' dir='ltr'><strong>iumentis,</strong></span> <span class='ocrx_word' id='word_1_203' title='bbox 1514 4815 1665 4882; x_wconf 74' lang='lat' dir='ltr'><strong>tricesim</strong></span> <span class='ocrx_word' id='word_1_204' title='bbox 1688 4827 1802 4882; x_wconf 69' lang='lat' dir='ltr'><strong>etiem</strong></span> <span class='ocrx_word' id='word_1_205' title='bbox 1822 4832 1886 4883; x_wconf 81' lang='lat' dir='ltr'><strong>esee</strong></span> 
     </span>
     <span class='ocr_line' id='line_1_26' title="bbox 492 4928 593 4977; baseline 0.02 -2"><span class='ocrx_word' id='word_1_206' title='bbox 492 4933 507 4975; x_wconf 91' lang='lat' dir='ltr'><strong>e</strong></span> <span class='ocrx_word' id='word_1_207' title='bbox 542 4928 593 4977; x_wconf 84' lang='lat' dir='ltr'><strong>re.</strong></span> 
     </span>
    </p>
   </div>
   <div class='ocr_carea' id='block_1_9' title="bbox 0 0 2472 6356">
    <p class='ocr_par' dir='ltr' id='par_1_9' title="bbox 0 0 2472 6356">
     <span class='ocr_line' id='line_1_27' title="bbox 0 0 2472 6356; baseline 0 0"><span class='ocrx_word' id='word_1_208' title='bbox 0 0 2472 6356; x_wconf 95' lang='lat' dir='ltr'><strong> </strong></span> 
     </span>
    </p>
   </div>
  </div>
 </body>
</html>
