4859 6359
360 821 519 934 imma]
811 844 1007 906 ursronrr
1034 845 1327 909 nrrnouarrca
1714 843 1775 906 eoa

363 988 533 1062 dinalium
553 983 709 1058 omnium
734 977 1008 1073 indignationem
1027 980 1268 1073 gradssimam
1294 979 1522 1072 incurrimus,
1559 979 1650 1052 sicut
1670 979 1772 1052 etiam

364 1111 579 1207 principibus
591 1107 756 1182 omuibus
772 1124 843 1176 nou
857 1103 1026 1196 ignotum.
1041 1103 1098 1177 Ad
1115 1106 1180 1177 boe
1190 1127 1272 1178 eum
1284 1105 1510 1196 Ludewicus,
1525 1103 1606 1174 olim
1619 1102 1695 1175 dux
1707 1105 1774 1177 Ba·

362 1235 473 1327 sarie,
504 1233 646 1307 domino
666 1239 702 1303 et
718 1228 808 1325 patri
825 1237 944 1300 nostro
966 1228 1184 1324 opposuisset
1201 1249 1240 1301 se
1259 1245 1339 1301 cum
1359 1229 1431 1302 suis
1454 1227 1646 1301 fautoribus
1662 1227 1773 1299 mani·

362 1361 464 1446 leste,
484 1378 549 1430 nos
567 1355 710 1428 oolleclo
727 1351 883 1425 exercitu
906 1373 987 1423 cum
1001 1373 1072 1425 non
1087 1353 1225 1426 modico
1237 1375 1352 1426 rerum
1366 1363 1557 1426 nostrarum
1571 1349 1770 1446 dispendio,

362 1494 487 1556 terram
501 1501 602 1554 suam
620 1478 788 1552 hostiliter
799 1475 1029 1570 ingrediendo
1041 1477 1220 1570 coegimus
1238 1497 1318 1550 enm
1334 1477 1430 1571 quod
1446 1500 1467 1551 a
1481 1477 1666 1551 vexatione
1676 1483 1773 1548 elre-

363 1607 517 1680 sisteutia
533 1604 642 1700 patris
654 1603 762 1676 nostri
778 1601 909 1676 destitit
920 1610 956 1674 et
969 1602 1131 1694 cessavit,
1150 1621 1192 1674 ao
1204 1600 1346 1675 obsides
1362 1603 1446 1674 dare
1457 1601 1657 1696 promiserat
1668 1620 1773 1695 super

362 1753 420 1826 eo,
437 1732 518 1803 licet
530 1729 751 1838 postmodum
769 1729 885 1802 causis
898 1727 976 1800 aliia
990 1728 1248 1822 emergentibus
1268 1749 1338 1801 non
1352 1727 1487 1801 dederit
1502 1727 1567 1825 (l).
1591 1728 1668 1813 Quo
1682 1727 1773 1800 laeto

362 1857 493 1931 reversi
505 1857 552 1930 de
567 1855 716 1928 Bavaria
728 1875 808 1926 cum
828 1853 1021 1948 triumpho,
1041 1853 1148 1924 alium
1172 1853 1374 1947 collegimus
1397 1853 1587 1925 exercitum
1612 1850 1659 1924 ad
1676 1850 1773 1924 obsi·

363 1981 519 2054 deudum
535 1979 631 2075 apud
647 1979 872 2074 Qudnam
892 1975 1089 2073 predictum
1110 1975 1320 2050 cardinalem
1337 1975 1406 2072 (2),
1434 1977 1495 2072 qui
1509 1985 1549 2048 ut
1569 1975 1701 2048 dictum
1722 1981 1775 2048 est

363 2105 612 2178 allemanniam
632 2103 819 2176 intraverat
837 2101 885 2174 ad
903 2100 1191 2198 impedimentum
1210 2111 1246 2174 et
1264 2100 1535 2174 humiliationem
1559 2099 1776 2196 imperatoris

362 2230 563 2321 majestatis.
581 2231 827 2302 Verumtamen
846 2226 892 2300 ad
910 2226 1108 2299 instantiam
1123 2236 1159 2299 et
1174 2226 1357 2299 consilium
1369 2225 1556 2296 multorum
1565 2223 1774 2320 principum,

363 2353 527 2426 videlicet
542 2351 878 2447 archiepiscoporum
898 2361 933 2423 et
950 2350 1189 2446 episcoporum
1209 2359 1245 2422 et
1269 2350 1373 2422 etiam
1392 2357 1593 2441 magnatum
1616 2347 1774 2443 imperil,

363 2476 532 2548 solvimus
546 2475 739 2548 exercitum
756 2482 913 2546 nostrum
930 2483 966 2545 et
977 2472 1173 2546 dimisimus
1191 2475 1249 2546 illa
1267 2473 1346 2546 vice
1349 2524 1773 2546 ...........

365 2651 824 2675 ............
851 2597 1028 2671 laboribus
1047 2605 1083 2670 el
1098 2597 1275 2693 expensis.
1295 2597 1384 2669 Sane
1400 2618 1480 2668 cum
1500 2605 1640 2691 propter
1653 2615 1776 2669 causas

363 2721 740 2818 quasdamJ'uniordux
747 2723 895 2796 &vade
906 2721 1570 2817 manifesteseoppcncretpatrinostro,
1581 2720 1774 2794 exercitum

364 2848 566 2942 collegimus
580 2849 702 2919 iterato
719 2856 838 2920 contra
851 2846 1032 2940 cumdem,
1052 2855 1223 2920 arctantes
1243 2847 1358 2943 ipsum
1381 2847 1465 2918 dare
1485 2846 1641 2920 obsidem
1664 2845 1773 2917 filium

361 2971 714 3064 enum,taliadbibitc
725 2970 946 3046 laudamento
956 2972 1052 3067 quod
1060 2990 1240 3066 nunquam
1251 2993 1289 3042 sc
1301 2989 1475 3066 opponere
1486 2970 1773 3066 attemptaretim·

362 3097 533 3192 peratorie
551 3097 608 3170 vel
631 3097 729 3188 regie
751 3097 922 3188 maiestati
946 3094 1010 3193 (3).
1036 3096 1183 3170 Demrm
1207 3095 1325 3167 habito
1348 3095 1407 3166 tali
1433 3094 1606 3191 triumpho
1628 3094 1674 3166 de
1697 3095 1773 3189 ipso

363 3223 476 3309 duce,
496 3223 542 3296 ad
557 3222 738 3295 consilium
750 3221 946 3318 principum
957 3231 992 3294 et
1008 3230 1209 3316 magnatum
1222 3242 1286 3317 pro
1307 3241 1392 3316 pace
1405 3228 1439 3292 et
1452 3219 1695 3314 tranquillitate
1705 3225 1774 3314 pa-

363 3347 426 3420 trie
438 3347 660 3420 reformanda
674 3353 709 3418 et
721 3366 784 3440 pro
800 3345 877 3417 aliis
891 3345 1096 3439 urgentibus
1113 3344 1260 3437 negotiis
1274 3365 1315 3416 ac
1326 3343 1529 3417 nominatim
1539 3342 1585 3416 ad
1599 3343 1776 3439 extirpan-

364 3469 445 3542 dum
462 3470 648 3543 bereticam
664 3471 887 3566 pravitatem,
907 3471 1118 3566 solempnem
1132 3471 1263 3541 curiam
1277 3467 1371 3565 apud
1382 3469 1607 3542 Franksnlort
1624 3470 1776 3542 celebra·

365 3593 481 3664 vimus
498 3593 647 3687 gloriose
661 3591 732 3690 (l),
765 3593 828 3666 ubi
847 3603 941 3666 unta
961 3602 1035 3666 erat
1056 3593 1251 3690 principum
1273 3589 1460 3666 multitudo
1480 3593 1595 3688 qualis
1620 3593 1724 3688 longe
1753 3608 1775 3667 a'

364 3718 541 3790 retroactis
551 3718 761 3814 temporibus
774 3739 846 3791 non
864 3727 917 3790 est
932 3719 1021 3791 visa.
1044 3719 1083 3791 ln
1095 3739 1167 3811 qua
1183 3718 1278 3790 curia
1297 3717 1423 3790 multas
1433 3717 1666 3791 intelleximus
1681 3739 1775 3814 que-

363 3841 529 3914 rimonias
543 3840 588 3915 de
599 3841 721 3914 castris
733 3851 768 3914 et
779 3841 1030 3914 munitionibus
1037 3841 1130 3931 aliis,
1147 3842 1193 3914 de
1202 3843 1332 3937 quibus
1345 3842 1466 3938 rapine
1485 3851 1520 3914 et
1530 3841 1691 3916 incendia
1701 3841 1775 3916 lieri

364 3974 635 4055 consueverunt,
654 3970 691 4038 et
708 3964 860 4039 dictante
872 3967 1040 4039 sententia
1054 3967 1250 4063 principum
1269 3975 1303 4038 et
1324 3967 1468 4039 aliorum
1485 3967 1665 4058 nobilium,
1682 3967 1774 4040 diffi-

364 4089 711 4162 nivimusstatuendo
723 4089 820 4184 quod
833 4090 958 4163 eadem
976 4100 1086 4164 casua
1100 4098 1136 4164 et
1146 4090 1354 4163 munitiones
1369 4100 1507 4186 propter
1525 4090 1677 4186 dampna
1694 4089 1775 4165 data

364 4213 567 4287 etinoendia
577 4221 769 4308 perpetrata
780 4213 930 4288 debeant
942 4214 1071 4288 destrui
1084 4223 1119 4289 et
1129 4214 1287 4289 funditus
1300 4213 1470 4288 demoliri.
1486 4215 1529 4287 Et
1542 4215 1625 4309 quia
1638 4216 1774 4307 singule

366 4335 439 4408 loca
455 4357 525 4410 nou
542 4347 740 4432 poteramus
759 4340 983 4433 personaliter
999 4339 1223 4436 pertransire,
1246 4339 1292 4412 de
1308 4339 1494 4434 prudentia
1513 4335 1646 4412 consilii
1666 4340 1775 4411 nostri

397 4593 435 4666 (t)
453 4591 497 4651 De
510 4591 563 4650 bac
573 4594 742 4668 expeditione
751 4596 786 4652 ad
799 4611 900 4654 mum
909 4599 979 4654 l229
992 4612 1086 4654 meuse
1092 4595 1161 4670 julio
1169 4596 1276 4654 cimitor
1283 4595 1443 4666 collocanda,
1454 4595 1556 4653 nudum
1571 4594 1642 4654 aliud
1650 4605 1774 4671 superest

366 4690 562 4760 documentum,
578 4691 649 4748 deut
659 4708 742 4766 supra
753 4695 916 4750 monuimus.
926 4693 966 4750 el.
982 4699 1003 4749 t.
1016 4694 1062 4764 lll,
1075 4711 1103 4766 p.
1118 4697 1180 4765 llll,
1190 4699 1246 4750 nol.
1257 4697 1285 4764 2,
1299 4699 1361 4768 etp.
1376 4696 1438 4764 399,
1454 4698 1510 4750 not.
1523 4697 1549 4750 l.

401 4785 436 4857 (2)
453 4785 515 4842 vid.
526 4801 618 4860 supra,
629 4787 708 4872 till,
722 4786 826 4862 pair,
836 4796 893 4847 not.
904 4793 931 4859 l,
942 4796 1007 4864 etp.
1022 4793 1084 4858 999,
1095 4791 1151 4847 not.
1165 4792 1193 4848 2.

400 4883 437 4955 (9)
456 4882 593 4942 lleusibns
606 4885 708 4942 seilicet
718 4893 831 4960 augusto
840 4893 868 4944 et
880 4888 1026 4962 septembri
1038 4889 1118 4945 9299.
1131 4885 1193 4946 vlo.
1207 4903 1301 4961 supra,
1314 4905 1343 4962 p.
1356 4890 1408 4945 6⁴9
1417 4891 1445 4945 et
1454 4903 1530 4963 seqq.

402 4977 437 5051 (l)
454 4977 601 5037 Februario
615 4984 700 5056 *²³⁴3
715 4982 770 5043 vid.
785 5000 868 5060 supra
880 5001 910 5060 p.
921 4987 983 5043 699.
