4859 6359
649 839 710 900 vas
1149 837 1364 899 rarnnnrcr
1387 838 1560 901 sucunnr
1865 842 1944 922 [nn.
1962 842 2053 908 rano.

650 977 682 1048 si
703 996 765 1070 per
787 982 931 1046 mortem
949 972 1096 1066 ancujus
1113 982 1233 1068 treuge
1252 973 1379 1048 luerint
1394 975 1521 1049 violate
1537 983 1573 1048 et
1593 974 1870 1069 consanguinem
1885 976 2053 1052 interfecti

650 1100 776 1196 aliquis
791 1098 986 1192 probaverit
1001 1097 1194 1172 secundum
1210 1099 1354 1172 turmam
1364 1097 1580 1194 jamdictam,
1599 1100 1746 1174 violator
1770 1101 1949 1176 convictm
1971 1123 2055 1199 par-

652 1234 756 1320 petuo
768 1221 958 1294 siterenlos
969 1229 1005 1293 et
1017 1221 1156 1294 rethica.

700 1345 735 1418 l.
755 1349 803 1416 lle
813 1344 964 1438 judiciis.
990 1345 1131 1440 Oportet
1150 1344 1264 1418 officio
1286 1345 1416 1437 judicis
1442 1345 1565 1418 merita
1584 1345 1784 1442 suffragari,
1803 1346 1885 1440 qnia
1900 1347 2056 1421 moribus

651 1469 755 1544 debet
771 1469 941 1542 excellere
957 1468 1019 1562 qui
1037 1478 1153 1542 reatus
1170 1468 1312 1542 discutit
1323 1469 1481 1542 aliorum.
1502 1470 1695 1544 Sanctimua
1709 1469 1815 1563 igitur
1829 1470 1896 1545 snb
1913 1471 2054 1544 obtentu

650 1595 759 1689 gratie
772 1603 888 1666 nosne
899 1591 1040 1664 firmiter
1057 1593 1278 1686 injungentes
1294 1602 1333 1664 ut
1347 1593 1520 1689 principes
1537 1595 1643 1668 nostri
1657 1605 1692 1668 et
1708 1615 1828 1668 omnes
1844 1593 1903 1670 alii
1915 1595 1978 1690 qui
1989 1597 2056 1688 ju-

651 1719 742 1794 dicia
760 1726 875 1790 meent
898 1739 919 1788 a
943 1716 1045 1788 nobis
1071 1717 1286 1808 immediate,
1310 1739 1434 1798 causae
1451 1738 1567 1791 coram
1591 1719 1643 1791 eis
1665 1718 1844 1794 arbitratae
1862 1717 2055 1792 seeundum

649 1856 814 1916 mnarum
830 1841 1067 1914 rationabilem
1083 1839 1368 1914 consuetudinem
1376 1841 1470 1933 justo
1482 1841 1616 1934 judicio
1626 1842 1849 1916 terminentat
1864 1842 1957 1916 idern
1970 1865 2056 1938 pre-

651 1967 779 2062 cipiunt
791 1965 867 2038 aliis
876 1965 1055 2057 judicibus
1066 1965 1127 2062 qui
1137 1964 1205 2037 suh
1219 1964 1350 2038 eisdem
1365 1974 1447 2037 sunt
1461 1974 1496 2037 et
1509 1963 1785 2057 jurisdictionem
1797 1964 1907 2038 abeis
1922 1973 2052 2038 tenent.

653 2091 754 2178 Quod
768 2091 829 2184 qui
845 2111 914 2162 non
930 2090 1047 2162 fecerit
1063 2089 1216 2163 districte
1236 2111 1317 2162 cum
1335 2100 1437 2185 prout
1449 2091 1584 2182 justum
1602 2091 1705 2162 fuerit
1722 2091 1926 2185 puniemus,
1945 2089 1993 2161 nil
2010 2089 2056 2164 de
2133 2145 2137 2148 -

649 2219 727 2309 jure
740 2224 854 2286 nostro
870 2213 925 2285 vel
939 2234 1029 2308 pena
1045 2213 1146 2286 nobie
1160 2214 1326 2286 attinente
1341 2213 1536 2304 remissuri,
1562 2213 1650 2285 nolli
1668 2215 1821 2288 volentes
1840 2213 1877 2286 in
1896 2213 1963 2286 hoo
1976 2235 2056 2309 par-

653 2359 730 2411 oere
748 2337 804 2409 vel
821 2337 968 2410 deleme.
985 2335 1082 2410 idern
1098 2336 1308 2431 precipimus
1324 2338 1429 2410 etiam
1444 2358 1467 2410 a
1486 2337 1676 2429 majoribus
1687 2337 1866 2430 judicibus
1883 2336 1977 2410 circa
1994 2337 2056 2409 in-

654 2460 935 2554 ferioresjudices
946 2459 1090 2532 firmiter
1105 2460 1295 2534 observari.

704 2585 739 2655 5.
770 2585 811 2655 Ut
835 2606 929 2654 neno
948 2605 984 2654 re
1002 2581 1142 2655 madiret
1164 2584 1234 2654 sine
1249 2583 1377 2676 judicis
1396 2584 1606 2657 umtcntctc.
1623 2583 1680 2657 Ad
1702 2583 1769 2658 hoo
1789 2583 2007 2676 magistratus
2021 2593 2057 2657 et

649 2710 730 2800 jara
757 2717 838 2780 sunt
862 2707 998 2802 prodita
1024 2729 1069 2779 ne
1093 2707 1174 2803 quis
1197 2708 1253 2780 sui
1281 2707 1409 2780 doloris
1430 2709 1562 2782 vindex
1577 2711 1644 2798 sit3
1666 2707 1748 2802 quia
1771 2707 1832 2779 ubi
1847 2707 1935 2800 jmis
1946 2717 2057 2782 cessat

652 2833 853 2923 auctoritas,
881 2830 1021 2905 excedit
1036 2831 1174 2905 licentia
1195 2832 1365 2906 seviendi.
1390 2833 1579 2908 satuimus
1604 2832 1709 2928 igitur
1726 2842 1766 2906 ut
1781 2833 1895 2904 nullus
1911 2833 1947 2902 in
1962 2853 2056 2927 quo-

652 2978 802 3050 cumque
819 2977 857 3028 re
873 2954 1064 3050 dampnum
1080 2956 1113 3030 ci
1127 2957 1183 3030 vel
1200 2975 1388 3051 gravamen
1404 2955 1506 3030 faerit
1521 2945 1674 3046 illatum,
1695 2977 1735 3030 se
1748 2955 1863 3052 ipsum
1879 2954 2053 3046 vendicet,

653 3080 720 3152 nisi
745 3080 842 3175 prius
863 3080 1040 3173 querelam
1063 3101 1163 3154 suam
1185 3101 1300 3154 coram
1318 3101 1384 3154 suo
1401 3080 1523 3172 jndice
1545 3081 1755 3176 propositam
1780 3079 1973 3154 secundum
1996 3081 2057 3172 jus
2198 3083 2204 3096 '

653 3225 764 3299 osque
777 3202 823 3276 ad
836 3202 1055 3277 diffinitivam
1068 3204 1278 3276 sentenciam
1287 3211 1526 3299 prosequatur,
1537 3204 1604 3276 nisi
1617 3203 1653 3276 in
1664 3203 1852 3278 continenti
1860 3202 1906 3277 nd
1916 3203 2057 3276 tutelam

652 3329 803 3424 corporis
818 3329 873 3400 sui
886 3330 945 3401 vel
960 3329 1128 3402 bonorum
1145 3349 1288 3401 suorum
1303 3329 1376 3402 vim
1388 3329 1424 3402 vi
1434 3330 1594 3426 repellat:
1608 3327 1704 3424 quod
1716 3328 1844 3403 dicitur
1860 3328 2054 3402 nothware.

652 3454 688 3525 Si
699 3453 780 3547 quis
790 3452 889 3524 aliter
901 3450 1161 3547 processeritnd
1171 3450 1376 3543 vindictam,
1388 3451 1578 3548 dampnum
1594 3451 1725 3526 illatum
1739 3451 2057 3524 adversariosolvat

653 3577 689 3648 in
713 3574 873 3671 duplum,
895 3575 989 3646 nulla
1007 3573 1140 3646 actione
1167 3575 1233 3646 sibi
1258 3575 1303 3647 de
1328 3574 1490 3671 dampnis
1516 3577 1573 3648 vel
1594 3575 1853 3672 gravaminibus
1870 3573 1971 3648 illatis
1989 3573 2056 3646 sibi

653 3701 699 3774 de
721 3712 835 3773 cetero
857 3707 1084 3793 competente.
1102 3698 1140 3770 Si
1162 3699 1241 3797 quis
1258 3720 1341 3772 vem
1359 3719 1473 3773 coram
1486 3698 1607 3792 jndice
1624 3699 1713 3772 sicut
1729 3697 1922 3794 predictum
1943 3707 1995 3772 est
2019 3697 2056 3770 in

653 3846 757 3897 cansa
771 3822 1027 3917 processerit,si
1035 3823 1284 3915 juenonlnerit
1293 3833 1498 3896 consecutus
1512 3833 1547 3896 et
1557 3823 1758 3896 necessitate
1766 3836 1913 3915 cogente
1924 3829 2057 3919 oportet

651 3970 732 4021 eurn
748 3948 907 4022 diffidere
921 3947 1100 4020 inimicum
1116 3969 1233 4036 suum,
1254 3947 1351 4043 quod
1363 3948 1470 4042 vulgo
1483 3947 1611 4020 dicitur
1624 3947 1831 4042 widemage‚
1848 3947 1915 4022 hoc
1932 3948 2056 4020 diurno

650 4081 804 4165 tempore
816 4070 935 4162 laciat3
951 4080 1043 4143 etex
1056 4081 1140 4144 tunc
1155 4093 1267 4166 usquc
1282 4072 1317 4144 in
1334 4080 1496 4166 quartum
1508 4071 1616 4164 diem
1627 4071 1665 4146 id
1675 4083 1729 4145 est
1739 4083 1816 4168 post
1828 4081 1896 4143 tres
1906 4071 2056 4165 integros

650 4196 738 4286 dies,
758 4194 919 4268 diffidam
931 4202 966 4267 et
990 4193 1167 4268 diffidatus
1188 4195 1358 4288 integram
1375 4217 1494 4291 paoem
1512 4195 1701 4270 servabunt
1716 4195 1783 4268 sibi
1801 4196 1837 4267 in
1852 4195 2007 4290 personis
2021 4203 2056 4267 et

649 4319 765 4394 rebus.
777 4320 937 4392 luentem
949 4319 986 4390 in
997 4339 1067 4414 quo
1080 4319 1245 4392 violatum
1261 4319 1363 4392 inerit
1374 4319 1441 4394 hoc
1455 4327 1632 4410 statutum,
1643 4340 1757 4392 coram
1768 4319 1889 4412 judice
1902 4339 2055 4413 conque-

649 4454 743 4516 ratur
755 4443 817 4537 qoi
837 4463 899 4538 per
916 4463 955 4515 sc
970 4442 1028 4515 vel
1045 4464 1107 4537 per
1124 4443 1290 4514 nuncium
1308 4441 1428 4516 citabit
1442 4444 1655 4535 violatorem,
1675 4452 1711 4516 at
1725 4443 1795 4515 nisi
1810 4444 1956 4540 violator
1970 4463 2055 4540 pro·

651 4567 777 4642 ductus
804 4589 908 4662 super
934 4567 1000 4641 hoc
1022 4568 1078 4640 vel
1098 4577 1240 4663 septena
1270 4589 1376 4641 manu
1401 4567 1621 4664 synodalium
1652 4567 1831 4640 hominum
1861 4568 2056 4664 purgaverit

649 4691 879 4765 innocentiam
894 4712 1012 4782 suam,
1031 4690 1127 4786 qnod
1146 4712 1218 4764 non
1234 4690 1440 4764 commiserit
1457 4701 1576 4765 contra
1589 4693 1657 4765 hoc
1675 4702 1858 4783 statutum,
1890 4702 2056 4788 perpetuo

650 4836 738 4911 pene
755 4815 931 4906 subjaceat
945 4815 1041 4908 quod
1059 4813 1185 4887 dicitnr
1198 4797 1334 4888 ercnloe
1350 4813 1425 4887 nnd
1443 4815 1603 4910 rehtlos(
1623 4815 1650 4912 ).

689 4962 735 5046 (a)
754 4965 805 5026 sla
817 4965 992 5044 germanice.
1004 4963 1087 5025 Alias
1102 4959 1232 5025 imatos
1248 4969 1277 5025 ct
1289 4958 1407 5026 radica
