<?xml version="1.0" encoding="UTF-8"?>
<!DOCTYPE html PUBLIC "-//W3C//DTD XHTML 1.0 Transitional//EN"
    "http://www.w3.org/TR/xhtml1/DTD/xhtml1-transitional.dtd">
<html xmlns="http://www.w3.org/1999/xhtml" xml:lang="en" lang="en">
 <head>
  <title>
</title>
<meta http-equiv="Content-Type" content="text/html;charset=utf-8" />
  <meta name='ocr-system' content='tesseract 3.04.00' />
  <meta name='ocr-capabilities' content='ocr_page ocr_carea ocr_par ocr_line ocrx_word'/>
</head>
<body>
  <div class='ocr_page' id='page_1' title='image "./historiadiploma05fredgoog_0149.png"; bbox 0 0 4859 6359; ppageno 0'>
   <div class='ocr_carea' id='block_1_1' title="bbox 391 845 1795 936">
    <p class='ocr_par' dir='ltr' id='par_1_1' title="bbox 391 845 1795 936">
     <span class='ocr_line' id='line_1_1' title="bbox 391 845 1795 936; baseline -0.008 -15"><span class='ocrx_word' id='word_1_1' title='bbox 391 861 487 920; x_wconf 79' lang='grc'><strong>133133.</strong></span> <span class='ocrx_word' id='word_1_2' title='bbox 505 860 549 936; x_wconf 85' lang='grc'><strong>7.]</strong></span> <span class='ocrx_word' id='word_1_3' title='bbox 837 852 1033 915; x_wconf 76' lang='lat' dir='ltr'><strong>HISTORIA</strong></span> <span class='ocrx_word' id='word_1_4' title='bbox 1057 845 1349 912; x_wconf 66' lang='lat' dir='ltr'><strong>bibionellum</strong></span> <span class='ocrx_word' id='word_1_5' title='bbox 1737 847 1795 910; x_wconf 86' lang='grc'><strong>691</strong></span> 
     </span>
    </p>
   </div>
   <div class='ocr_carea' id='block_1_2' title="bbox 389 981 1852 1961">
    <p class='ocr_par' dir='ltr' id='par_1_2' title="bbox 389 981 1852 1824">
     <span class='ocr_line' id='line_1_2' title="bbox 390 981 1798 1081; baseline -0.007 -16"><span class='ocrx_word' id='word_1_6' title='bbox 390 989 608 1069; x_wconf 77' lang='lat' dir='ltr'><strong>uniuersitati</strong></span> <span class='ocrx_word' id='word_1_7' title='bbox 617 983 738 1062; x_wconf 73' lang='lat' dir='ltr'><strong>&#39;vestm</strong></span> <span class='ocrx_word' id='word_1_8' title='bbox 753 989 822 1062; x_wconf 90' lang='lat' dir='ltr'><strong>sub</strong></span> <span class='ocrx_word' id='word_1_9' title='bbox 832 989 976 1061; x_wconf 86' lang='lat' dir='ltr'><strong>obtentu</strong></span> <span class='ocrx_word' id='word_1_10' title='bbox 991 989 1102 1081; x_wconf 78' lang='lat' dir='ltr'><strong>gratie</strong></span> <span class='ocrx_word' id='word_1_11' title='bbox 1111 997 1227 1060; x_wconf 90' lang='lat' dir='ltr'><strong>nostre</strong></span> <span class='ocrx_word' id='word_1_12' title='bbox 1240 985 1445 1058; x_wconf 83' lang='lat' dir='ltr'><strong>mandamus</strong></span> <span class='ocrx_word' id='word_1_13' title='bbox 1463 981 1684 1078; x_wconf 79' lang='lat' dir='ltr'>precipiendo</span> <span class='ocrx_word' id='word_1_14' title='bbox 1698 983 1798 1055; x_wconf 86' lang='lat' dir='ltr'><strong>vobis</strong></span> 
     </span>
     <span class='ocr_line' id='line_1_3' title="bbox 392 1092 1793 1206; baseline -0.006 -20"><span class='ocrx_word' id='word_1_15' title='bbox 392 1115 534 1188; x_wconf 89' lang='lat' dir='ltr'><strong>tirmiter</strong></span> <span class='ocrx_word' id='word_1_16' title='bbox 544 1125 580 1186; x_wconf 91' lang='lat' dir='ltr'><strong>et</strong></span> <span class='ocrx_word' id='word_1_17' title='bbox 594 1114 749 1187; x_wconf 90' lang='lat' dir='ltr'><strong>districte</strong></span> <span class='ocrx_word' id='word_1_18' title='bbox 761 1121 933 1206; x_wconf 90' lang='lat' dir='ltr'><strong>quatenus</strong></span> <span class='ocrx_word' id='word_1_19' title='bbox 947 1113 984 1183; x_wconf 94' lang='lat' dir='ltr'><strong>iu</strong></span> <span class='ocrx_word' id='word_1_20' title='bbox 1002 1112 1057 1184; x_wconf 90' lang='lat' dir='ltr'><strong>bis</strong></span> <span class='ocrx_word' id='word_1_21' title='bbox 1068 1133 1139 1206; x_wconf 89' lang='lat' dir='ltr'><strong>que</strong></span> <span class='ocrx_word' id='word_1_22' title='bbox 1155 1109 1290 1183; x_wconf 90' lang='lat' dir='ltr'><strong>anobis</strong></span> <span class='ocrx_word' id='word_1_23' title='bbox 1302 1117 1336 1181; x_wconf 89' lang='lat' dir='ltr'><strong>et</strong></span> <span class='ocrx_word' id='word_1_24' title='bbox 1347 1107 1492 1202; x_wconf 86' lang='lat' dir='ltr'><strong>imperio</strong></span> <span class='ocrx_word' id='word_1_25' title='bbox 1506 1092 1610 1198; x_wconf 81' lang='lat' dir='ltr'><strong>tenet,</strong></span> <span class='ocrx_word' id='word_1_26' title='bbox 1630 1105 1793 1196; x_wconf 90' lang='lat' dir='ltr'><strong>thelonio,</strong></span> 
     </span>
     <span class='ocr_line' id='line_1_4' title="bbox 392 1229 1796 1332; baseline -0.008 -23"><span class='ocrx_word' id='word_1_27' title='bbox 392 1248 549 1327; x_wconf 91' lang='lat' dir='ltr'><strong>moneta,</strong></span> <span class='ocrx_word' id='word_1_28' title='bbox 566 1236 700 1330; x_wconf 88' lang='lat' dir='ltr'><strong>judicio</strong></span> <span class='ocrx_word' id='word_1_29' title='bbox 722 1245 758 1310; x_wconf 91' lang='lat' dir='ltr'><strong>et</strong></span> <span class='ocrx_word' id='word_1_30' title='bbox 782 1236 859 1308; x_wconf 89' lang='lat' dir='ltr'><strong>aliis</strong></span> <span class='ocrx_word' id='word_1_31' title='bbox 877 1236 1139 1332; x_wconf 79' lang='lat' dir='ltr'><strong>temporalibus,</strong></span> <span class='ocrx_word' id='word_1_32' title='bbox 1154 1236 1286 1307; x_wconf 89' lang='lat' dir='ltr'><strong>nullam</strong></span> <span class='ocrx_word' id='word_1_33' title='bbox 1300 1232 1332 1305; x_wconf 90' lang='lat' dir='ltr'><strong>ei</strong></span> <span class='ocrx_word' id='word_1_34' title='bbox 1351 1233 1483 1304; x_wconf 80' lang='lat' dir='ltr'><strong>faciatis</strong></span> <span class='ocrx_word' id='word_1_35' title='bbox 1495 1229 1724 1304; x_wconf 81' lang='lat' dir='ltr'><strong>obedientiam</strong></span> <span class='ocrx_word' id='word_1_36' title='bbox 1739 1229 1796 1302; x_wconf 87' lang='lat' dir='ltr'><strong>vel</strong></span> 
     </span>
     <span class='ocr_line' id='line_1_5' title="bbox 389 1354 1797 1454; baseline -0.006 -22"><span class='ocrx_word' id='word_1_37' title='bbox 389 1362 610 1454; x_wconf 88' lang='lat' dir='ltr'><strong>aliquatenus</strong></span> <span class='ocrx_word' id='word_1_38' title='bbox 623 1359 825 1449; x_wconf 89' lang='lat' dir='ltr'><strong>intendatis,</strong></span> <span class='ocrx_word' id='word_1_39' title='bbox 842 1358 1052 1432; x_wconf 80' lang='lat' dir='ltr'><strong>mservaudo</strong></span> <span class='ocrx_word' id='word_1_40' title='bbox 1068 1358 1169 1431; x_wconf 89' lang='lat' dir='ltr'><strong>uobis</strong></span> <span class='ocrx_word' id='word_1_41' title='bbox 1181 1356 1314 1429; x_wconf 84' lang='lat' dir='ltr'><strong>reditus</strong></span> <span class='ocrx_word' id='word_1_42' title='bbox 1328 1354 1527 1428; x_wconf 87' lang='lat' dir='ltr'><strong>eorumdem</strong></span> <span class='ocrx_word' id='word_1_43' title='bbox 1540 1374 1723 1448; x_wconf 81' lang='lat' dir='ltr'>quousque</span> <span class='ocrx_word' id='word_1_44' title='bbox 1740 1373 1797 1424; x_wconf 91' lang='lat' dir='ltr'><strong>su·</strong></span> 
     </span>
     <span class='ocr_line' id='line_1_6' title="bbox 393 1477 1796 1578; baseline -0.005 -23"><span class='ocrx_word' id='word_1_45' title='bbox 393 1505 453 1578; x_wconf 89' lang='lat' dir='ltr'><strong>per</strong></span> <span class='ocrx_word' id='word_1_46' title='bbox 479 1484 534 1555; x_wconf 90' lang='lat' dir='ltr'><strong>bis</strong></span> <span class='ocrx_word' id='word_1_47' title='bbox 558 1505 581 1556; x_wconf 89' lang='grc'><strong>3</strong></span> <span class='ocrx_word' id='word_1_48' title='bbox 609 1483 710 1556; x_wconf 91' lang='lat' dir='ltr'><strong>uobis</strong></span> <span class='ocrx_word' id='word_1_49' title='bbox 724 1483 928 1556; x_wconf 85' lang='lat' dir='ltr'><strong>mundatum</strong></span> <span class='ocrx_word' id='word_1_50' title='bbox 949 1481 1121 1577; x_wconf 89' lang='lat' dir='ltr'><strong>recipiatis</strong></span> <span class='ocrx_word' id='word_1_51' title='bbox 1144 1481 1306 1577; x_wconf 86' lang='lat' dir='ltr'><strong>speciale.</strong></span> <span class='ocrx_word' id='word_1_52' title='bbox 1321 1479 1498 1572; x_wconf 83' lang='lat' dir='ltr'><strong>Alioquin,</strong></span> <span class='ocrx_word' id='word_1_53' title='bbox 1513 1477 1658 1550; x_wconf 87' lang='lat' dir='ltr'><strong>sculteto</strong></span> <span class='ocrx_word' id='word_1_54' title='bbox 1680 1483 1796 1548; x_wconf 84' lang='lat' dir='ltr'><strong>nostro</strong></span> 
     </span>
     <span class='ocr_line' id='line_1_7' title="bbox 393 1602 1794 1701; baseline -0.005 -24"><span class='ocrx_word' id='word_1_55' title='bbox 393 1605 549 1701; x_wconf 81' lang='lat' dir='ltr'><strong>Aquensi</strong></span> <span class='ocrx_word' id='word_1_56' title='bbox 566 1604 730 1682; x_wconf 76' lang='lat' dir='ltr'><strong>dedimus</strong></span> <span class='ocrx_word' id='word_1_57' title='bbox 752 1606 788 1677; x_wconf 93' lang='lat' dir='ltr'><strong>in</strong></span> <span class='ocrx_word' id='word_1_58' title='bbox 811 1604 983 1677; x_wconf 89' lang='lat' dir='ltr'><strong>mandatis</strong></span> <span class='ocrx_word' id='word_1_59' title='bbox 993 1615 1034 1678; x_wconf 91' lang='lat' dir='ltr'><strong>ut</strong></span> <span class='ocrx_word' id='word_1_60' title='bbox 1046 1626 1108 1700; x_wconf 86' lang='lat' dir='ltr'><strong>per</strong></span> <span class='ocrx_word' id='word_1_61' title='bbox 1123 1602 1354 1678; x_wconf 87' lang='lat' dir='ltr'><strong>detentionem</strong></span> <span class='ocrx_word' id='word_1_62' title='bbox 1376 1623 1491 1674; x_wconf 85' lang='lat' dir='ltr'><strong>rerum</strong></span> <span class='ocrx_word' id='word_1_63' title='bbox 1513 1608 1548 1672; x_wconf 91' lang='grc'><strong>31</strong></span> <span class='ocrx_word' id='word_1_64' title='bbox 1570 1619 1794 1694; x_wconf 87' lang='lat' dir='ltr'><strong>personarum</strong></span> 
     </span>
     <span class='ocr_line' id='line_1_8' title="bbox 394 1722 1852 1824; baseline -0.007 -24"><span class='ocrx_word' id='word_1_65' title='bbox 394 1739 585 1802; x_wconf 79' lang='grc'><strong>3331333331</strong></span> <span class='ocrx_word' id='word_1_66' title='bbox 604 1729 862 1806; x_wconf 88' lang='lat' dir='ltr'><strong>universitatem</strong></span> <span class='ocrx_word' id='word_1_67' title='bbox 880 1737 1029 1800; x_wconf 83' lang='lat' dir='ltr'><strong>vestram</strong></span> <span class='ocrx_word' id='word_1_68' title='bbox 1048 1726 1230 1824; x_wconf 90' lang='lat' dir='ltr'><strong>compellat</strong></span> <span class='ocrx_word' id='word_1_69' title='bbox 1245 1723 1371 1819; x_wconf 73' lang='grc'><strong>333331</strong></span> <span class='ocrx_word' id='word_1_70' title='bbox 1387 1724 1482 1820; x_wconf 89' lang='lat' dir='ltr'><strong>quod</strong></span> <span class='ocrx_word' id='word_1_71' title='bbox 1501 1722 1717 1796; x_wconf 83' lang='lat' dir='ltr'><strong>mandamus.</strong></span> <span class='ocrx_word' id='word_1_72' title='bbox 1849 1783 1852 1790; x_wconf 88' lang='lat'>.</span> 
     </span>
    </p>

    <p class='ocr_par' dir='ltr' id='par_1_3' title="bbox 439 1827 1670 1961">
     <span class='ocr_line' id='line_1_9' title="bbox 439 1827 1670 1961; baseline -0.004 -37"><span class='ocrx_word' id='word_1_73' title='bbox 439 1849 1572 1948; x_wconf 69' lang='grc'><strong>3313333331831333,1111131333333313333,1331311333111.</strong></span> <span class='ocrx_word' id='word_1_74' title='bbox 1645 1827 1670 1961; x_wconf 62' lang='lat' dir='ltr'><strong>j¹</strong></span> 
     </span>
    </p>
   </div>
   <div class='ocr_carea' id='block_1_3' title="bbox 396 2413 1890 2844">
    <p class='ocr_par' dir='ltr' id='par_1_4' title="bbox 396 2413 1890 2844">
     <span class='ocr_line' id='line_1_10' title="bbox 448 2413 1890 2578; baseline -0.001 -46"><span class='ocrx_word' id='word_1_75' title='bbox 448 2449 648 2557; x_wconf 79' lang='lat' dir='ltr'><strong>Esuriens,</strong></span> <span class='ocrx_word' id='word_1_76' title='bbox 665 2449 927 2536; x_wconf 85' lang='lat' dir='ltr'><strong>Romanorum</strong></span> <span class='ocrx_word' id='word_1_77' title='bbox 944 2475 1026 2556; x_wconf 83' lang='lat' dir='ltr'><strong>rex,</strong></span> <span class='ocrx_word' id='word_1_78' title='bbox 1045 2449 1221 2558; x_wconf 86' lang='lat' dir='ltr'><strong>episeopo</strong></span> <span class='ocrx_word' id='word_1_79' title='bbox 1238 2459 1275 2532; x_wconf 91' lang='lat' dir='ltr'><strong>et</strong></span> <span class='ocrx_word' id='word_1_80' title='bbox 1292 2449 1469 2534; x_wconf 87' lang='lat' dir='ltr'><strong>ecclesiae</strong></span> <span class='ocrx_word' id='word_1_81' title='bbox 1485 2413 1683 2540; x_wconf 82' lang='lat' dir='ltr'><strong>basiliensi</strong></span> <span class='ocrx_word' id='word_1_82' title='bbox 1702 2449 1798 2532; x_wconf 90' lang='lat' dir='ltr'><strong>uni-</strong></span> <span class='ocrx_word' id='word_1_83' title='bbox 1840 2523 1890 2578; x_wconf 66' lang='lat' dir='ltr'><strong>s,</strong></span> 
     </span>
     <span class='ocr_line' id='line_1_11' title="bbox 396 2581 1799 2693; baseline 0.001 -29"><span class='ocrx_word' id='word_1_84' title='bbox 396 2608 504 2665; x_wconf 85' lang='lat' dir='ltr'><strong>versa</strong></span> <span class='ocrx_word' id='word_1_85' title='bbox 522 2582 612 2692; x_wconf 81' lang='lat' dir='ltr'><strong>J‘nra</strong></span> <span class='ocrx_word' id='word_1_86' title='bbox 632 2608 701 2691; x_wconf 89' lang='lat' dir='ltr'><strong>per</strong></span> <span class='ocrx_word' id='word_1_87' title='bbox 720 2583 936 2693; x_wconf 82' lang='lat' dir='ltr'><strong>priuilegia,</strong></span> <span class='ocrx_word' id='word_1_88' title='bbox 963 2581 1257 2664; x_wconf 87' lang='lat' dir='ltr'><strong>consuetudines</strong></span> <span class='ocrx_word' id='word_1_89' title='bbox 1284 2583 1361 2665; x_wconf 87' lang='lat' dir='ltr'><strong>sive</strong></span> <span class='ocrx_word' id='word_1_90' title='bbox 1387 2581 1672 2665; x_wconf 82' lang='lat' dir='ltr'><strong>constitutiones</strong></span> <span class='ocrx_word' id='word_1_91' title='bbox 1698 2583 1799 2692; x_wconf 77' lang='lat' dir='ltr'><strong>legi-</strong></span> 
     </span>
     <span class='ocr_line' id='line_1_12' title="bbox 397 2713 1641 2844; baseline 0.002 -50"><span class='ocrx_word' id='word_1_92' title='bbox 397 2715 509 2798; x_wconf 90' lang='lat' dir='ltr'><strong>timas</strong></span> <span class='ocrx_word' id='word_1_93' title='bbox 525 2716 755 2821; x_wconf 86' lang='lat' dir='ltr'><strong>introducta,</strong></span> <span class='ocrx_word' id='word_1_94' title='bbox 775 2713 916 2824; x_wconf 92' lang='lat' dir='ltr'><strong>quibus</strong></span> <span class='ocrx_word' id='word_1_95' title='bbox 931 2713 1116 2797; x_wconf 87' lang='lat' dir='ltr'><strong>hacteuus</strong></span> <span class='ocrx_word' id='word_1_96' title='bbox 1134 2713 1253 2823; x_wconf 82' lang='lat' dir='ltr'><strong>gavisi</strong></span> <span class='ocrx_word' id='word_1_97' title='bbox 1272 2723 1376 2820; x_wconf 85' lang='lat' dir='ltr'><strong>sunt,</strong></span> <span class='ocrx_word' id='word_1_98' title='bbox 1396 2714 1608 2797; x_wconf 86' lang='lat' dir='ltr'><strong>confirmat.</strong></span> <span class='ocrx_word' id='word_1_99' title='bbox 1636 2830 1641 2844; x_wconf 32' lang='grc' dir='ltr'>Ι</span> 
     </span>
    </p>
   </div>
   <div class='ocr_carea' id='block_1_4' title="bbox 475 2925 1803 3326">
    <p class='ocr_par' dir='ltr' id='par_1_5' title="bbox 475 2925 1803 3326">
     <span class='ocr_line' id='line_1_13' title="bbox 475 2925 1803 3010; baseline -0.002 -18"><span class='ocrx_word' id='word_1_100' title='bbox 475 2929 570 3010; x_wconf 76' lang='lat' dir='ltr'><strong>(Edit.</strong></span> <span class='ocrx_word' id='word_1_101' title='bbox 585 2946 636 3008; x_wconf 84' lang='lat' dir='ltr'><strong>ap.</strong></span> <span class='ocrx_word' id='word_1_102' title='bbox 650 2930 1014 3000; x_wconf 70' lang='lat' dir='ltr'><strong>wumwacmuacsa,</strong></span> <span class='ocrx_word' id='word_1_103' title='bbox 1028 2928 1090 2996; x_wconf 71' lang='lat' dir='ltr'><strong>aaa</strong></span> <span class='ocrx_word' id='word_1_104' title='bbox 1101 2925 1244 3007; x_wconf 60' lang='grc'><strong>31331313-</strong></span> <span class='ocrx_word' id='word_1_105' title='bbox 1257 2925 1321 2988; x_wconf 78' lang='lat' dir='ltr'><strong>aad</strong></span> <span class='ocrx_word' id='word_1_106' title='bbox 1331 2926 1637 2992; x_wconf 63' lang='lat' dir='ltr'><strong>massmannum</strong></span> <span class='ocrx_word' id='word_1_107' title='bbox 1647 2945 1705 2990; x_wconf 80' lang='grc'><strong>333</strong></span> <span class='ocrx_word' id='word_1_108' title='bbox 1715 2927 1803 2990; x_wconf 73' lang='lat' dir='ltr'><strong>mat</strong></span> 
     </span>
     <span class='ocr_line' id='line_1_14' title="bbox 515 3031 1797 3130; baseline 0 -34"><span class='ocrx_word' id='word_1_109' title='bbox 515 3031 709 3130; x_wconf 69' lang='grc'><strong>1333313133</strong></span> <span class='ocrx_word' id='word_1_110' title='bbox 720 3031 939 3115; x_wconf 69' lang='lat' dir='ltr'><strong>Anszdcltanap</strong></span> <span class='ocrx_word' id='word_1_111' title='bbox 951 3031 1000 3093; x_wconf 78' lang='lat' dir='ltr'><strong>da</strong></span> <span class='ocrx_word' id='word_1_112' title='bbox 1016 3043 1051 3095; x_wconf 89' lang='grc'><strong>13</strong></span> <span class='ocrx_word' id='word_1_113' title='bbox 1062 3032 1277 3096; x_wconf 75' lang='lat' dir='ltr'><strong>lulaclluadarts</strong></span> <span class='ocrx_word' id='word_1_114' title='bbox 1292 3033 1405 3114; x_wconf 82' lang='grc'><strong>(113331,</strong></span> <span class='ocrx_word' id='word_1_115' title='bbox 1418 3034 1523 3111; x_wconf 81' lang='grc'><strong>1333),</strong></span> <span class='ocrx_word' id='word_1_116' title='bbox 1538 3053 1568 3112; x_wconf 92' lang='lat' dir='ltr'><strong>p.</strong></span> <span class='ocrx_word' id='word_1_117' title='bbox 1586 3043 1635 3096; x_wconf 79' lang='grc'><strong>33.</strong></span> <span class='ocrx_word' id='word_1_118' title='bbox 1647 3060 1687 3080; x_wconf 78' lang='grc'><strong>-·-</strong></span> <span class='ocrx_word' id='word_1_119' title='bbox 1699 3037 1737 3104; x_wconf 82' lang='lat' dir='ltr'><strong>Et</strong></span> <span class='ocrx_word' id='word_1_120' title='bbox 1750 3051 1797 3113; x_wconf 85' lang='lat' dir='ltr'><strong>ap.</strong></span> 
     </span>
     <span class='ocr_line' id='line_1_15' title="bbox 515 3136 1796 3223; baseline 0 -21"><span class='ocrx_word' id='word_1_121' title='bbox 515 3143 703 3212; x_wconf 81' lang='lat' dir='ltr'><strong>Tuournur,</strong></span> <span class='ocrx_word' id='word_1_122' title='bbox 720 3141 851 3203; x_wconf 73' lang='lat' dir='ltr'><strong>Momm.</strong></span> <span class='ocrx_word' id='word_1_123' title='bbox 871 3136 1008 3200; x_wconf 76' lang='grc' dir='ltr'><strong>31ιῖ333.</strong></span> <span class='ocrx_word' id='word_1_124' title='bbox 1031 3139 1127 3201; x_wconf 71' lang='grc'><strong>331311</strong></span> <span class='ocrx_word' id='word_1_125' title='bbox 1145 3139 1180 3200; x_wconf 76' lang='lat' dir='ltr'><strong>dc</strong></span> <span class='ocrx_word' id='word_1_126' title='bbox 1197 3138 1281 3216; x_wconf 73' lang='lat' dir='ltr'><strong>aaa,</strong></span> <span class='ocrx_word' id='word_1_127' title='bbox 1304 3147 1327 3204; x_wconf 88' lang='lat' dir='ltr'><strong>t.</strong></span> <span class='ocrx_word' id='word_1_128' title='bbox 1349 3143 1379 3216; x_wconf 92' lang='lat' dir='ltr'><strong>I,</strong></span> <span class='ocrx_word' id='word_1_129' title='bbox 1399 3158 1428 3223; x_wconf 89' lang='lat' dir='ltr'><strong>p.</strong></span> <span class='ocrx_word' id='word_1_130' title='bbox 1446 3150 1516 3212; x_wconf 84' lang='grc'><strong>333,</strong></span> <span class='ocrx_word' id='word_1_131' title='bbox 1538 3150 1571 3202; x_wconf 85' lang='lat' dir='ltr'><strong>u⁰</strong></span> <span class='ocrx_word' id='word_1_132' title='bbox 1587 3150 1656 3212; x_wconf 83' lang='grc'><strong>363,</strong></span> <span class='ocrx_word' id='word_1_133' title='bbox 1677 3157 1716 3204; x_wconf 88' lang='lat' dir='ltr'><strong>ex</strong></span> <span class='ocrx_word' id='word_1_134' title='bbox 1729 3141 1796 3202; x_wconf 90' lang='lat' dir='ltr'><strong>end.</strong></span> 
     </span>
     <span class='ocr_line' id='line_1_16' title="bbox 514 3244 1074 3326; baseline -0.004 -18"><span class='ocrx_word' id='word_1_135' title='bbox 514 3247 669 3326; x_wconf 80' lang='lat' dir='ltr'><strong>diplomat.</strong></span> <span class='ocrx_word' id='word_1_136' title='bbox 684 3244 972 3318; x_wconf 82' lang='grc' dir='ltr'><strong>333133.Β3311.,131.</strong></span> <span class='ocrx_word' id='word_1_137' title='bbox 991 3245 1074 3326; x_wconf 85' lang='lat' dir='ltr'><strong>tot.)</strong></span> 
     </span>
    </p>
   </div>
   <div class='ocr_carea' id='block_1_5' title="bbox 396 3433 1800 5011">
    <p class='ocr_par' dir='ltr' id='par_1_6' title="bbox 396 3433 1800 5011">
     <span class='ocr_line' id='line_1_17' title="bbox 401 3433 1800 3531; baseline 0.006 -32"><span class='ocrx_word' id='word_1_138' title='bbox 401 3491 404 3499; x_wconf 90' lang='lat'>.</span> <span class='ocrx_word' id='word_1_139' title='bbox 444 3434 586 3524; x_wconf 82' lang='grc'><strong>11.,1131</strong></span> <span class='ocrx_word' id='word_1_140' title='bbox 603 3433 713 3528; x_wconf 78' lang='lat' dir='ltr'><strong>gratia</strong></span> <span class='ocrx_word' id='word_1_141' title='bbox 735 3433 966 3505; x_wconf 82' lang='lat' dir='ltr'><strong>Romanorum</strong></span> <span class='ocrx_word' id='word_1_142' title='bbox 988 3453 1052 3504; x_wconf 86' lang='lat' dir='ltr'><strong>rex</strong></span> <span class='ocrx_word' id='word_1_143' title='bbox 1068 3442 1106 3505; x_wconf 88' lang='grc'><strong>31</strong></span> <span class='ocrx_word' id='word_1_144' title='bbox 1116 3453 1253 3528; x_wconf 89' lang='lat' dir='ltr'><strong>semper</strong></span> <span class='ocrx_word' id='word_1_145' title='bbox 1276 3443 1461 3528; x_wconf 80' lang='lat' dir='ltr'><strong>augustus,</strong></span> <span class='ocrx_word' id='word_1_146' title='bbox 1483 3435 1652 3510; x_wconf 84' lang='lat' dir='ltr'><strong>universis</strong></span> <span class='ocrx_word' id='word_1_147' title='bbox 1665 3435 1800 3531; x_wconf 91' lang='lat' dir='ltr'><strong>imperii</strong></span> 
     </span>
     <span class='ocr_line' id='line_1_18' title="bbox 399 3553 1800 3652; baseline 0.003 -24"><span class='ocrx_word' id='word_1_148' title='bbox 399 3555 558 3629; x_wconf 83' lang='lat' dir='ltr'><strong>fidelibus</strong></span> <span class='ocrx_word' id='word_1_149' title='bbox 574 3565 766 3652; x_wconf 86' lang='lat' dir='ltr'><strong>presentem</strong></span> <span class='ocrx_word' id='word_1_150' title='bbox 782 3556 914 3628; x_wconf 86' lang='lat' dir='ltr'><strong>literam</strong></span> <span class='ocrx_word' id='word_1_151' title='bbox 929 3553 1057 3628; x_wconf 86' lang='lat' dir='ltr'><strong>visuris</strong></span> <span class='ocrx_word' id='word_1_152' title='bbox 1072 3556 1218 3651; x_wconf 77' lang='lat' dir='ltr'><strong>gratiam</strong></span> <span class='ocrx_word' id='word_1_153' title='bbox 1237 3577 1335 3630; x_wconf 89' lang='lat' dir='ltr'><strong>suam</strong></span> <span class='ocrx_word' id='word_1_154' title='bbox 1349 3567 1383 3630; x_wconf 90' lang='lat' dir='ltr'><strong>et</strong></span> <span class='ocrx_word' id='word_1_155' title='bbox 1395 3579 1498 3632; x_wconf 90' lang='lat' dir='ltr'><strong>omne</strong></span> <span class='ocrx_word' id='word_1_156' title='bbox 1510 3560 1654 3632; x_wconf 89' lang='lat' dir='ltr'><strong>bonum.</strong></span> <span class='ocrx_word' id='word_1_157' title='bbox 1670 3561 1800 3634; x_wconf 90' lang='lat' dir='ltr'><strong>Notum</strong></span> 
     </span>
     <span class='ocr_line' id='line_1_19' title="bbox 399 3679 1799 3779; baseline 0.002 -26"><span class='ocrx_word' id='word_1_158' title='bbox 399 3679 471 3753; x_wconf 84' lang='lat' dir='ltr'><strong>beri</strong></span> <span class='ocrx_word' id='word_1_159' title='bbox 487 3679 827 3753; x_wconf 82' lang='lat' dir='ltr'><strong>volumusuniversis</strong></span> <span class='ocrx_word' id='word_1_160' title='bbox 834 3679 929 3774; x_wconf 89' lang='lat' dir='ltr'><strong>quod</strong></span> <span class='ocrx_word' id='word_1_161' title='bbox 941 3700 1004 3752; x_wconf 88' lang='lat' dir='ltr'><strong>uos</strong></span> <span class='ocrx_word' id='word_1_162' title='bbox 1017 3679 1233 3754; x_wconf 85' lang='lat' dir='ltr'><strong>attendentes</strong></span> <span class='ocrx_word' id='word_1_163' title='bbox 1251 3682 1371 3754; x_wconf 85' lang='lat' dir='ltr'><strong>merita</strong></span> <span class='ocrx_word' id='word_1_164' title='bbox 1389 3682 1502 3755; x_wconf 93' lang='lat' dir='ltr'><strong>dilecti</strong></span> <span class='ocrx_word' id='word_1_165' title='bbox 1515 3685 1676 3779; x_wconf 90' lang='lat' dir='ltr'><strong>principis</strong></span> <span class='ocrx_word' id='word_1_166' title='bbox 1692 3684 1799 3758; x_wconf 88' lang='lat' dir='ltr'><strong>nostri</strong></span> 
     </span>
     <span class='ocr_line' id='line_1_20' title="bbox 399 3801 1800 3900; baseline 0.005 -28"><span class='ocrx_word' id='word_1_167' title='bbox 399 3802 604 3875; x_wconf 84' lang='lat' dir='ltr'><strong>venerabilis</strong></span> <span class='ocrx_word' id='word_1_168' title='bbox 620 3801 816 3874; x_wconf 88' lang='lat' dir='ltr'><strong>Basiliensis</strong></span> <span class='ocrx_word' id='word_1_169' title='bbox 834 3801 1004 3896; x_wconf 82' lang='lat' dir='ltr'><strong>episcopi,</strong></span> <span class='ocrx_word' id='word_1_170' title='bbox 1025 3801 1240 3875; x_wconf 86' lang='lat' dir='ltr'><strong>attendentes</strong></span> <span class='ocrx_word' id='word_1_171' title='bbox 1256 3802 1496 3876; x_wconf 87' lang='lat' dir='ltr'><strong>nichilominus</strong></span> <span class='ocrx_word' id='word_1_172' title='bbox 1510 3805 1673 3879; x_wconf 89' lang='lat' dir='ltr'><strong>bonorem</strong></span> <span class='ocrx_word' id='word_1_173' title='bbox 1695 3817 1729 3880; x_wconf 91' lang='lat' dir='ltr'><strong>et</strong></span> <span class='ocrx_word' id='word_1_174' title='bbox 1740 3809 1800 3900; x_wconf 91' lang='lat' dir='ltr'><strong>jus</strong></span> 
     </span>
     <span class='ocr_line' id='line_1_21' title="bbox 398 3922 1798 4024; baseline 0.006 -26"><span class='ocrx_word' id='word_1_175' title='bbox 398 3927 540 3999; x_wconf 89' lang='lat' dir='ltr'><strong>ecclesie</strong></span> <span class='ocrx_word' id='word_1_176' title='bbox 556 3935 592 3998; x_wconf 91' lang='lat' dir='ltr'><strong>et</strong></span> <span class='ocrx_word' id='word_1_177' title='bbox 607 3925 754 4020; x_wconf 87' lang='lat' dir='ltr'><strong>qualiter</strong></span> <span class='ocrx_word' id='word_1_178' title='bbox 771 3926 809 3996; x_wconf 92' lang='lat' dir='ltr'><strong>in</strong></span> <span class='ocrx_word' id='word_1_179' title='bbox 819 3923 903 3997; x_wconf 89' lang='lat' dir='ltr'><strong>tiore</strong></span> <span class='ocrx_word' id='word_1_180' title='bbox 919 3922 1002 3996; x_wconf 89' lang='lat' dir='ltr'><strong>lidei</strong></span> <span class='ocrx_word' id='word_1_181' title='bbox 1019 3934 1054 3997; x_wconf 94' lang='lat' dir='ltr'><strong>et</strong></span> <span class='ocrx_word' id='word_1_182' title='bbox 1065 3925 1260 3999; x_wconf 86' lang='lat' dir='ltr'><strong>coustanoie</strong></span> <span class='ocrx_word' id='word_1_183' title='bbox 1274 3926 1375 3999; x_wconf 91' lang='lat' dir='ltr'><strong>nobis</strong></span> <span class='ocrx_word' id='word_1_184' title='bbox 1386 3937 1421 4000; x_wconf 89' lang='lat' dir='ltr'><strong>et</strong></span> <span class='ocrx_word' id='word_1_185' title='bbox 1434 3930 1710 4024; x_wconf 80' lang='lat' dir='ltr'><strong>progenitoribus</strong></span> <span class='ocrx_word' id='word_1_186' title='bbox 1719 3953 1798 4006; x_wconf 87' lang='lat' dir='ltr'><strong>uos·</strong></span> 
     </span>
     <span class='ocr_line' id='line_1_22' title="bbox 398 4048 1798 4146; baseline 0.006 -24"><span class='ocrx_word' id='word_1_187' title='bbox 398 4051 458 4122; x_wconf 84' lang='lat' dir='ltr'><strong>tris</strong></span> <span class='ocrx_word' id='word_1_188' title='bbox 471 4071 609 4146; x_wconf 90' lang='lat' dir='ltr'><strong>semper</strong></span> <span class='ocrx_word' id='word_1_189' title='bbox 624 4049 759 4122; x_wconf 87' lang='lat' dir='ltr'><strong>adhesit</strong></span> <span class='ocrx_word' id='word_1_190' title='bbox 772 4071 814 4122; x_wconf 89' lang='lat' dir='ltr'><strong>ao</strong></span> <span class='ocrx_word' id='word_1_191' title='bbox 826 4048 953 4121; x_wconf 86' lang='lat' dir='ltr'><strong>assistit</strong></span> <span class='ocrx_word' id='word_1_192' title='bbox 967 4048 1111 4123; x_wconf 87' lang='lat' dir='ltr'><strong>fideliter</strong></span> <span class='ocrx_word' id='word_1_193' title='bbox 1125 4059 1160 4122; x_wconf 91' lang='grc'><strong>31</strong></span> <span class='ocrx_word' id='word_1_194' title='bbox 1174 4049 1318 4140; x_wconf 88' lang='lat' dir='ltr'><strong>devote,</strong></span> <span class='ocrx_word' id='word_1_195' title='bbox 1335 4056 1438 4144; x_wconf 80' lang='lat' dir='ltr'><strong>juxta</strong></span> <span class='ocrx_word' id='word_1_196' title='bbox 1453 4052 1607 4126; x_wconf 87' lang='lat' dir='ltr'><strong>debitum</strong></span> <span class='ocrx_word' id='word_1_197' title='bbox 1619 4055 1713 4145; x_wconf 68' lang='lat' dir='ltr'><strong>regie</strong></span> <span class='ocrx_word' id='word_1_198' title='bbox 1724 4078 1798 4132; x_wconf 88' lang='lat' dir='ltr'><strong>ma·</strong></span> 
     </span>
     <span class='ocr_line' id='line_1_23' title="bbox 396 4173 1800 4272; baseline 0.003 -25"><span class='ocrx_word' id='word_1_199' title='bbox 396 4175 597 4265; x_wconf 87' lang='lat' dir='ltr'><strong>jestatis‚ue</strong></span> <span class='ocrx_word' id='word_1_200' title='bbox 609 4174 808 4246; x_wconf 69' lang='lat' dir='ltr'><strong>videamur</strong></span> <span class='ocrx_word' id='word_1_201' title='bbox 821 4173 857 4244; x_wconf 93' lang='lat' dir='ltr'><strong>iu</strong></span> <span class='ocrx_word' id='word_1_202' title='bbox 871 4173 1136 4268; x_wconf 84' lang='lat' dir='ltr'><strong>dilectioneque</strong></span> <span class='ocrx_word' id='word_1_203' title='bbox 1149 4174 1306 4246; x_wconf 83' lang='lat' dir='ltr'><strong>fovemus</strong></span> <span class='ocrx_word' id='word_1_204' title='bbox 1319 4183 1353 4246; x_wconf 93' lang='lat' dir='ltr'><strong>et</strong></span> <span class='ocrx_word' id='word_1_205' title='bbox 1367 4179 1627 4272; x_wconf 86' lang='lat' dir='ltr'><strong>semperlovere</strong></span> <span class='ocrx_word' id='word_1_206' title='bbox 1639 4179 1800 4251; x_wconf 89' lang='lat' dir='ltr'><strong>volumus</strong></span> 
     </span>
     <span class='ocr_line' id='line_1_24' title="bbox 400 4298 1797 4393; baseline 0.007 -27"><span class='ocrx_word' id='word_1_207' title='bbox 400 4298 511 4392; x_wconf 93' lang='lat' dir='ltr'><strong>ipsum</strong></span> <span class='ocrx_word' id='word_1_208' title='bbox 527 4298 729 4393; x_wconf 87' lang='lat' dir='ltr'><strong>episcopum</strong></span> <span class='ocrx_word' id='word_1_209' title='bbox 740 4308 775 4369; x_wconf 89' lang='lat' dir='ltr'><strong>et</strong></span> <span class='ocrx_word' id='word_1_210' title='bbox 790 4298 971 4370; x_wconf 77' lang='lat' dir='ltr'><strong>ecclesiam</strong></span> <span class='ocrx_word' id='word_1_211' title='bbox 986 4298 1208 4370; x_wconf 88' lang='lat' dir='ltr'><strong>Basilieusem</strong></span> <span class='ocrx_word' id='word_1_212' title='bbox 1228 4299 1417 4393; x_wconf 89' lang='lat' dir='ltr'><strong>aliquando</strong></span> <span class='ocrx_word' id='word_1_213' title='bbox 1435 4301 1614 4392; x_wconf 87' lang='lat' dir='ltr'><strong>vacillare,</strong></span> <span class='ocrx_word' id='word_1_214' title='bbox 1636 4303 1797 4376; x_wconf 87' lang='lat' dir='ltr'><strong>universa</strong></span> 
     </span>
     <span class='ocr_line' id='line_1_25' title="bbox 397 4420 1797 4518; baseline 0.005 -25"><span class='ocrx_word' id='word_1_215' title='bbox 397 4425 472 4514; x_wconf 86' lang='lat' dir='ltr'><strong>jura</strong></span> <span class='ocrx_word' id='word_1_216' title='bbox 487 4420 644 4517; x_wconf 84' lang='lat' dir='ltr'><strong>predicto</strong></span> <span class='ocrx_word' id='word_1_217' title='bbox 656 4421 817 4516; x_wconf 89' lang='lat' dir='ltr'><strong>episcopo</strong></span> <span class='ocrx_word' id='word_1_218' title='bbox 831 4431 866 4492; x_wconf 94' lang='lat' dir='ltr'><strong>et</strong></span> <span class='ocrx_word' id='word_1_219' title='bbox 883 4423 1027 4494; x_wconf 79' lang='lat' dir='ltr'><strong>ecclesie</strong></span> <span class='ocrx_word' id='word_1_220' title='bbox 1039 4431 1215 4517; x_wconf 87' lang='lat' dir='ltr'><strong>prenotate</strong></span> <span class='ocrx_word' id='word_1_221' title='bbox 1231 4444 1292 4516; x_wconf 91' lang='lat' dir='ltr'><strong>per</strong></span> <span class='ocrx_word' id='word_1_222' title='bbox 1307 4423 1505 4518; x_wconf 79' lang='lat' dir='ltr'><strong>privilegia,</strong></span> <span class='ocrx_word' id='word_1_223' title='bbox 1528 4447 1589 4518; x_wconf 90' lang='lat' dir='ltr'><strong>per</strong></span> <span class='ocrx_word' id='word_1_224' title='bbox 1613 4437 1797 4500; x_wconf 88' lang='lat' dir='ltr'><strong>consuetu·</strong></span> 
     </span>
     <span class='ocr_line' id='line_1_26' title="bbox 401 4531 1799 4640; baseline 0.006 -24"><span class='ocrx_word' id='word_1_225' title='bbox 401 4545 499 4617; x_wconf 90' lang='lat' dir='ltr'><strong>dines</strong></span> <span class='ocrx_word' id='word_1_226' title='bbox 511 4545 587 4616; x_wconf 89' lang='lat' dir='ltr'><strong>sive</strong></span> <span class='ocrx_word' id='word_1_227' title='bbox 604 4545 867 4617; x_wconf 87' lang='lat' dir='ltr'><strong>constitucioues</strong></span> <span class='ocrx_word' id='word_1_228' title='bbox 874 4545 944 4636; x_wconf 88' lang='lat' dir='ltr'><strong>juri</strong></span> <span class='ocrx_word' id='word_1_229' title='bbox 956 4536 1122 4617; x_wconf 82' lang='lat' dir='ltr'><strong>consonas</strong></span> <span class='ocrx_word' id='word_1_230' title='bbox 1138 4531 1311 4639; x_wconf 65' lang='lat' dir='ltr'><strong>a&#39;regibus</strong></span> <span class='ocrx_word' id='word_1_231' title='bbox 1322 4546 1396 4618; x_wconf 90' lang='lat' dir='ltr'><strong>sive</strong></span> <span class='ocrx_word' id='word_1_232' title='bbox 1409 4547 1667 4640; x_wconf 87' lang='lat' dir='ltr'><strong>imperatoribus</strong></span> <span class='ocrx_word' id='word_1_233' title='bbox 1686 4551 1799 4624; x_wconf 83' lang='lat' dir='ltr'><strong>veleb</strong></span> 
     </span>
     <span class='ocr_line' id='line_1_27' title="bbox 401 4665 1797 4769; baseline 0.006 -31"><span class='ocrx_word' id='word_1_234' title='bbox 401 4668 504 4740; x_wconf 86' lang='lat' dir='ltr'><strong>altero</strong></span> <span class='ocrx_word' id='word_1_235' title='bbox 518 4667 575 4738; x_wconf 94' lang='lat' dir='ltr'><strong>cui</strong></span> <span class='ocrx_word' id='word_1_236' title='bbox 593 4666 631 4739; x_wconf 90' lang='lat' dir='ltr'><strong>id</strong></span> <span class='ocrx_word' id='word_1_237' title='bbox 645 4665 744 4740; x_wconf 86' lang='lat' dir='ltr'><strong>li&#39;cuit</strong></span> <span class='ocrx_word' id='word_1_238' title='bbox 765 4667 975 4758; x_wconf 83' lang='lat' dir='ltr'><strong>introducta,</strong></span> <span class='ocrx_word' id='word_1_239' title='bbox 1006 4669 1094 4740; x_wconf 91' lang='lat' dir='ltr'><strong>siout</strong></span> <span class='ocrx_word' id='word_1_240' title='bbox 1113 4690 1153 4741; x_wconf 90' lang='lat' dir='ltr'><strong>aa</strong></span> <span class='ocrx_word' id='word_1_241' title='bbox 1167 4670 1283 4741; x_wconf 90' lang='lat' dir='ltr'><strong>omnia</strong></span> <span class='ocrx_word' id='word_1_242' title='bbox 1300 4691 1412 4763; x_wconf 90' lang='lat' dir='ltr'><strong>usque</strong></span> <span class='ocrx_word' id='word_1_243' title='bbox 1434 4669 1480 4742; x_wconf 86' lang='lat' dir='ltr'><strong>ad</strong></span> <span class='ocrx_word' id='word_1_244' title='bbox 1508 4681 1623 4744; x_wconf 88' lang='lat' dir='ltr'><strong>nostra</strong></span> <span class='ocrx_word' id='word_1_245' title='bbox 1645 4682 1797 4769; x_wconf 87' lang='lat' dir='ltr'><strong>tempora</strong></span> 
     </span>
     <span class='ocr_line' id='line_1_28' title="bbox 401 4791 1797 4888; baseline 0.007 -26"><span class='ocrx_word' id='word_1_246' title='bbox 401 4791 514 4884; x_wconf 87' lang='lat' dir='ltr'><strong>quiete</strong></span> <span class='ocrx_word' id='word_1_247' title='bbox 534 4801 568 4865; x_wconf 89' lang='lat' dir='ltr'><strong>et</strong></span> <span class='ocrx_word' id='word_1_248' title='bbox 592 4791 733 4887; x_wconf 88' lang='lat' dir='ltr'><strong>pacilioe</strong></span> <span class='ocrx_word' id='word_1_249' title='bbox 757 4791 1015 4888; x_wconf 82' lang='lat' dir='ltr'><strong>perduxerunt,</strong></span> <span class='ocrx_word' id='word_1_250' title='bbox 1040 4793 1087 4864; x_wconf 89' lang='lat' dir='ltr'><strong>ita</strong></span> <span class='ocrx_word' id='word_1_251' title='bbox 1105 4794 1218 4888; x_wconf 90' lang='lat' dir='ltr'><strong>ipsum</strong></span> <span class='ocrx_word' id='word_1_252' title='bbox 1234 4793 1431 4888; x_wconf 90' lang='lat' dir='ltr'><strong>episcopum</strong></span> <span class='ocrx_word' id='word_1_253' title='bbox 1452 4803 1486 4866; x_wconf 90' lang='lat' dir='ltr'><strong>et</strong></span> <span class='ocrx_word' id='word_1_254' title='bbox 1504 4795 1682 4868; x_wconf 88' lang='lat' dir='ltr'><strong>ecclesiam</strong></span> <span class='ocrx_word' id='word_1_255' title='bbox 1696 4799 1797 4872; x_wconf 85' lang='lat' dir='ltr'><strong>Basi-</strong></span> 
     </span>
     <span class='ocr_line' id='line_1_29' title="bbox 402 4915 1679 5011; baseline 0.007 -26"><span class='ocrx_word' id='word_1_256' title='bbox 402 4916 541 4990; x_wconf 89' lang='lat' dir='ltr'><strong>liensem</strong></span> <span class='ocrx_word' id='word_1_257' title='bbox 556 4916 592 4987; x_wconf 95' lang='lat' dir='ltr'><strong>iu</strong></span> <span class='ocrx_word' id='word_1_258' title='bbox 604 4915 766 4990; x_wconf 90' lang='lat' dir='ltr'><strong>omuibus</strong></span> <span class='ocrx_word' id='word_1_259' title='bbox 782 4927 1024 4992; x_wconf 84' lang='lat' dir='ltr'><strong>conservantes</strong></span> <span class='ocrx_word' id='word_1_260' title='bbox 1037 4916 1188 5011; x_wconf 79' lang='lat' dir='ltr'><strong>gaudere</strong></span> <span class='ocrx_word' id='word_1_261' title='bbox 1206 4919 1367 4992; x_wconf 89' lang='lat' dir='ltr'><strong>volumus</strong></span> <span class='ocrx_word' id='word_1_262' title='bbox 1383 4917 1497 4992; x_wconf 87' lang='lat' dir='ltr'><strong>debita</strong></span> <span class='ocrx_word' id='word_1_263' title='bbox 1512 4919 1679 4994; x_wconf 88' lang='lat' dir='ltr'><strong>libertate.</strong></span> 
     </span>
    </p>
   </div>
   <div class='ocr_carea' id='block_1_6' title="bbox 0 0 2443 6356">
    <p class='ocr_par' dir='ltr' id='par_1_7' title="bbox 0 0 2443 6356">
     <span class='ocr_line' id='line_1_30' title="bbox 0 0 2443 6356; baseline 0 0"><span class='ocrx_word' id='word_1_264' title='bbox 0 0 2443 6356; x_wconf 95' lang='lat' dir='ltr'><strong> </strong></span> 
     </span>
    </p>
   </div>
  </div>
 </body>
</html>
