4859 6359
647 720 709 783 ete
1164 721 1335 786 IIIINIIICI
1360 723 1528 788 suerint
1863 729 1942 808 [Aur.
1962 731 2046 794 1234

644 859 710 945 eis,
730 856 920 930 Dietericus
939 855 1148 930 Trevirensie
1166 855 1433 956 archiepiscopi,
1457 855 1610 956 episcopi
1632 881 1711 934 vero
1728 850 1874 936 Siiridue
1895 861 2048 961 llntispo·

644 979 763 1053 nensis
793 980 1014 1054 cancellarius
1041 981 1122 1054 aule
1155 979 1269 1077 regie,
1306 981 1523 1057 Hermannue
1550 983 1822 1081 Herbipolensis,
1859 986 2050 1062 Eclrbertne

644 1103 957 1198 Babenbergeneis,
973 1104 1090 1177 Simon
1106 1103 1222 1178 comes
1234 1103 1501 1203 Surepontanus,
1518 1107 1712 1182 Fridericus
1727 1129 1842 1182 eomes
1855 1109 1901 1184 de
1912 1111 2050 1183 Leinin·

644 1249 730 1323 gen,
748 1227 928 1302 cunradus
940 1249 1057 1302 comes
1070 1227 1116 1301 de
1131 1229 1329 1322 liverstein,
1351 1240 1387 1304 et
1401 1227 1506 1306 neeri
1520 1233 1755 1327 quamplures.

691 1351 815 1424 Actum
839 1352 935 1447 apud
963 1353 1119 1443 Lutram,
1148 1373 1241 1426 anno
1265 1353 1373 1449 gratIe
1402 1355 1584 1428 millesimo
1614 1355 1850 1429 ducentesimo
1874 1355 2049 1450 trigesimo

643 1485 783 1571 quarto,
801 1475 992 1549 indictione
1005 1476 1167 1572 septima,
1188 1499 1282 1550 anno
1300 1487 1415 1552 autem
1427 1479 1527 1572 regni
1543 1479 1651 1552 nostri
1663 1478 1881 1554 duodecimo.

483 2053 570 2109 unu.
698 2019 905 2128 HenriouS,
924 2019 1184 2103 Romanorum
1210 2043 1296 2126 rex,
1321 2017 1369 2101 de
1397 2017 1555 2102 consilio
1573 2017 1788 2129 principum
1814 2019 1981 2102 decernit
2006 2027 2048 2100 ut

574 2137 581 2154 ⁸
648 2153 752 2239 Geba
767 2153 905 2236 mulier
925 2153 973 2236 de
993 2149 1197 2234 Dirrckeim
1220 2159 1257 2234 et
1277 2177 1410 2236 omnes
1437 2149 1607 2262 ejusdem
1631 2151 1857 2236 conditionis
1874 2151 2048 2235 homines

643 2286 821 2372 Volmaro
840 2283 973 2368 abbati
985 2284 1033 2368 de
1055 2283 1240 2394 limburg
1258 2283 1391 2394 atejus
1410 2284 1690 2369 successorihus
1705 2285 1770 2395 jus
1788 2285 1893 2396 quod
1910 2284 2047 2367 dicitur

643 2420 783 2502 luduil
799 2420 892 2502 dare
908 2427 1120 2502 teneantur.

724 2606 737 2686 (
743 2605 827 2667 Edld
841 2607 1000 2677 Rmrue,
1014 2601 1156 2666 orlandi.
1174 2601 1272 2666 Guclt.
1287 2601 1404 2666 dealt.
1420 2602 1485 2664 und
1493 2601 1610 2668 [llum
1618 2605 1653 2666 in
1665 2603 1867 2685 Rdct'ndayerrr
1879 2603 2043 2684 (Naustadt.

764 2712 1117 2793 reae),pnrs1·,lteuag.
1133 2721 1205 2786 aar,
1219 2728 1258 2772 ox
1271 2711 1406 2774 noddo.
1421 2717 1480 2774 net
1495 2709 1595 2790 llss.)

689 2870 874 2961 llenricus‚
904 2870 966 2941 Dei
991 2869 1102 2963 gratia
1128 2869 1357 2941 Romanorum
1378 2887 1443 2939 rex
1463 2876 1498 2940 et
1519 2887 1654 2963 semper
1677 2877 1862 2962 augustus,
1888 2868 2047 2942 omnibus

641 3018 783 3096 presens
793 2995 956 3090 scriptum
973 2993 1188 3065 intuentibus
1201 2993 1347 3066 sulutem
1363 3001 1573 3087 atquesuam
1588 2993 1745 3084 gratiam.
1757 2993 1883 3067 Notum
1896 3013 1972 3066 esse
1986 3013 2046 3066 vo·

639 3124 755 3196 lumus
773 3119 944 3193 universis
960 3119 1050 3190 hanc
1061 3115 1219 3191 cedulam
1235 3115 1437 3212 inspecturis
1454 3115 1549 3210 qnod
1563 3117 1744 3189 Volmarus
1763 3115 1871 3190 abbas
1890 3117 2044 3212 limpor

641 3247 756 3343 geneis
778 3243 920 3317 ecclesie
945 3263 1059 3314 coram
1080 3241 1182 3313 nobis
1207 3239 1451 3335 conquerendo
1469 3241 1646 3336 proposuit
1669 3241 1765 3335 quod
1780 3239 1874 3315 Geba
1895 3239 2044 3336 quedam

641 3371 767 3443 mulier
789 3367 835 3441 de
855 3367 1051 3462 Durclroym
1072 3365 1131 3456 jus
1156 3363 1335 3459 quoddam
1364 3365 1459 3460 quod
1476 3366 1584 3459 vulgo
1602 3363 1727 3438 dicitur
1752 3366 1882 3462 hudeyl
1902 3365 2045 3439 ecclesie

641 3517 721 3584 sue,
749 3515 829 3566 cum
850 3493 931 3585 jure
954 3489 986 3564 ei
1007 3489 1091 3562 dare
1107 3495 1296 3578 teneretur,
1317 3499 1472 3584 negaret,
1492 3487 1699 3584 pretendens
1715 3489 1811 3585 quod
1830 3511 1891 3585 per
1914 3489 2044 3584 regiam

641 3619 782 3693 deberet
798 3637 874 3689 esse
887 3635 909 3688 a
924 3613 984 3686 tali
997 3613 1076 3705 jure
1092 3611 1200 3684 libera
1213 3620 1427 3706 potestatem.
1446 3611 1517 3686 Nos
1530 3635 1614 3687 vero
1628 3613 1773 3688 consilio
1787 3613 1977 3709 principum
1989 3613 2044 3686 usi

640 3743 868 3826 deoernImus,
882 3759 962 3812 cum
974 3735 1163 3829 jamdictus
1174 3735 1472 3809 abbasllolmarus
1485 3737 1741 3833 Limpurgensis
1754 3737 1935 3812 ecclesiam
1946 3727 2043 3811 suam

639 3890 744 3964 super
761 3867 821 3938 illo
835 3868 913 3960 jure
930 3883 1006 3936 eree
1027 3858 1362 3956 apredeoessoribus
1379 3859 1503 3934 nostr-Is
1518 3861 1769 3958 privilegiatam
1787 3861 1986 3950 affirmaret,
2005 3871 2044 3934 ut

637 3993 769 4090 prefata
782 3989 906 4062 mulier
919 3985 1014 4060 Geba
1032 3984 1077 4057 de
1090 3983 1285 4079 Durcteym
1302 3991 1337 4056 et
1353 4004 1474 4057 omnes
1490 3984 1645 4077 ejusdem
1669 3983 1874 4058 conditionis
1888 3983 2043 4058 homines

640 4113 815 4205 sepedicto
834 4111 950 4185 abbati
974 4109 1135 4182 Volmaro
1162 4106 1207 4180 de
1224 4105 1392 4202 limpurg
1421 4107 1563 4204 suisque
1583 4107 1837 4182 successoribus
1856 4109 1916 4202 jus
1940 4131 2042 4182 suum

639 4239 723 4314 dare
732 4247 925 4311 teneantur.
941 4232 1043 4320 Quod
1053 4241 1093 4305 ut
1103 4231 1226 4304 stabile
1233 4239 1267 4302 et
1280 4228 1416 4303 firmum
1430 4243 1641 4328 permaneat,
1654 4233 1767 4326 sigillo
1775 4241 1891 4306 nostro
1899 4233 2042 4306 lecimus

637 4360 840 4456 consignari.

684 4487 768 4560 Acta
795 4495 876 4557 sunt
903 4483 968 4555 hec
994 4481 1111 4578 Spire,
1145 4499 1238 4552 anno
1277 4478 1450 4553 dominice
1477 4477 1721 4553 incarnatIonis
1745 4478 1793 4552 M·
1807 4477 1870 4552 CCl
1883 4479 2038 4570 XXVIII,

635 4609 711 4686 vlu
728 4609 809 4682 idus
824 4605 959 4703 aprilis,
976 4603 1164 4678 indictione
1178 4603 1323 4699 septima
1340 4601 1404 4700 (l).

672 4833 711 4907 (t)
729 4825 1794 4906 muamunuumpremopotmqnamnumuumniquinnpogmpno
1812 4827 1883 4888 uncle
1900 4829 2040 4890 tranenibi
