<?xml version="1.0" encoding="UTF-8"?>
<!DOCTYPE html PUBLIC "-//W3C//DTD XHTML 1.0 Transitional//EN"
    "http://www.w3.org/TR/xhtml1/DTD/xhtml1-transitional.dtd">
<html xmlns="http://www.w3.org/1999/xhtml" xml:lang="en" lang="en">
 <head>
  <title>
</title>
<meta http-equiv="Content-Type" content="text/html;charset=utf-8" />
  <meta name='ocr-system' content='tesseract 3.04.00' />
  <meta name='ocr-capabilities' content='ocr_page ocr_carea ocr_par ocr_line ocrx_word'/>
</head>
<body>
  <div class='ocr_page' id='page_1' title='image "./historiadiploma05fredgoog_0374.png"; bbox 0 0 4859 6359; ppageno 0'>
   <div class='ocr_carea' id='block_1_1' title="bbox 594 804 2002 885">
    <p class='ocr_par' dir='ltr' id='par_1_1' title="bbox 594 804 2002 885">
     <span class='ocr_line' id='line_1_1' title="bbox 594 804 2002 885; baseline -0.004 -10"><span class='ocrx_word' id='word_1_1' title='bbox 594 809 656 875; x_wconf 76' lang='lat'><strong>916</strong></span> <span class='ocrx_word' id='word_1_2' title='bbox 1090 810 1306 873; x_wconf 73' lang='lat' dir='ltr'><strong>saluatum</strong></span> <span class='ocrx_word' id='word_1_3' title='bbox 1330 808 1504 870; x_wconf 74' lang='lat' dir='ltr'><strong>suctum</strong></span> <span class='ocrx_word' id='word_1_4' title='bbox 1817 804 1896 885; x_wconf 77' lang='lat' dir='ltr'><strong>[aas.</strong></span> <span class='ocrx_word' id='word_1_5' title='bbox 1916 806 2002 870; x_wconf 68' lang='lat' dir='ltr'><strong>tacu.</strong></span> 
     </span>
    </p>
   </div>
   <div class='ocr_carea' id='block_1_2' title="bbox 498 940 2004 5005">
    <p class='ocr_par' dir='ltr' id='par_1_2' title="bbox 498 940 2004 5005">
     <span class='ocr_line' id='line_1_2' title="bbox 594 940 2003 1042; baseline -0.002 -26"><span class='ocrx_word' id='word_1_6' title='bbox 594 944 691 1016; x_wconf 88' lang='lat' dir='ltr'><strong>carni</strong></span> <span class='ocrx_word' id='word_1_7' title='bbox 715 955 749 1017; x_wconf 85' lang='lat' dir='ltr'><strong>ct</strong></span> <span class='ocrx_word' id='word_1_8' title='bbox 765 945 898 1020; x_wconf 91' lang='lat' dir='ltr'><strong>mundo</strong></span> <span class='ocrx_word' id='word_1_9' title='bbox 917 946 1074 1037; x_wconf 88' lang='lat' dir='ltr'><strong>abstulit,</strong></span> <span class='ocrx_word' id='word_1_10' title='bbox 1099 968 1205 1042; x_wconf 90' lang='lat' dir='ltr'><strong>quem</strong></span> <span class='ocrx_word' id='word_1_11' title='bbox 1224 947 1296 1018; x_wconf 89' lang='lat' dir='ltr'><strong>Deo</strong></span> <span class='ocrx_word' id='word_1_12' title='bbox 1314 946 1445 1016; x_wconf 84' lang='lat' dir='ltr'><strong>tructus</strong></span> <span class='ocrx_word' id='word_1_13' title='bbox 1462 940 1691 1015; x_wconf 82' lang='lat' dir='ltr'><strong>laudabilium</strong></span> <span class='ocrx_word' id='word_1_14' title='bbox 1713 961 1856 1035; x_wconf 87' lang='lat' dir='ltr'><strong>operum</strong></span> <span class='ocrx_word' id='word_1_15' title='bbox 1882 948 1917 1013; x_wconf 85' lang='lat' dir='ltr'><strong>et</strong></span> <span class='ocrx_word' id='word_1_16' title='bbox 1933 941 2003 1014; x_wconf 86' lang='lat' dir='ltr'><strong>vite</strong></span> 
     </span>
     <span class='ocr_line' id='line_1_3' title="bbox 498 1046 2003 1160; baseline -0.005 -18"><span class='ocrx_word' id='word_1_17' title='bbox 498 1046 506 1055; x_wconf 55' lang='grc'><strong>’</strong></span> <span class='ocrx_word' id='word_1_18' title='bbox 594 1069 756 1141; x_wconf 83' lang='lat' dir='ltr'><strong>sanctitas</strong></span> <span class='ocrx_word' id='word_1_19' title='bbox 772 1069 1048 1143; x_wconf 77' lang='lat' dir='ltr'><strong>commendavit?</strong></span> <span class='ocrx_word' id='word_1_20' title='bbox 1061 1070 1133 1143; x_wconf 88' lang='lat' dir='ltr'><strong>Nec</strong></span> <span class='ocrx_word' id='word_1_21' title='bbox 1146 1070 1238 1142; x_wconf 88' lang='lat' dir='ltr'><strong>enim</strong></span> <span class='ocrx_word' id='word_1_22' title='bbox 1253 1069 1349 1141; x_wconf 86' lang='lat' dir='ltr'><strong>locus</strong></span> <span class='ocrx_word' id='word_1_23' title='bbox 1367 1066 1511 1160; x_wconf 88' lang='lat' dir='ltr'><strong>originis</strong></span> <span class='ocrx_word' id='word_1_24' title='bbox 1524 1074 1617 1139; x_wconf 81' lang='lat' dir='ltr'><strong>nacta</strong></span> <span class='ocrx_word' id='word_1_25' title='bbox 1634 1074 1751 1137; x_wconf 85' lang='lat' dir='ltr'><strong>contra</strong></span> <span class='ocrx_word' id='word_1_26' title='bbox 1768 1085 1847 1136; x_wconf 88' lang='lat' dir='ltr'><strong>eum</strong></span> <span class='ocrx_word' id='word_1_27' title='bbox 1866 1064 1903 1134; x_wconf 92' lang='lat' dir='ltr'><strong>in</strong></span> <span class='ocrx_word' id='word_1_28' title='bbox 1919 1084 2003 1135; x_wconf 88' lang='lat' dir='ltr'><strong>sus-</strong></span> 
     </span>
     <span class='ocr_line' id='line_1_4' title="bbox 596 1187 2004 1287; baseline -0.001 -26"><span class='ocrx_word' id='word_1_29' title='bbox 596 1192 741 1287; x_wconf 92' lang='lat' dir='ltr'><strong>picionis</strong></span> <span class='ocrx_word' id='word_1_30' title='bbox 767 1204 1006 1287; x_wconf 79' lang='lat' dir='ltr'><strong>argumentum</strong></span> <span class='ocrx_word' id='word_1_31' title='bbox 1034 1192 1229 1282; x_wconf 76' lang='lat' dir='ltr'><strong>inducitur,</strong></span> <span class='ocrx_word' id='word_1_32' title='bbox 1257 1214 1336 1263; x_wconf 91' lang='lat' dir='ltr'><strong>cum</strong></span> <span class='ocrx_word' id='word_1_33' title='bbox 1364 1212 1433 1263; x_wconf 92' lang='lat' dir='ltr'><strong>non</strong></span> <span class='ocrx_word' id='word_1_34' title='bbox 1461 1189 1597 1263; x_wconf 88' lang='lat' dir='ltr'><strong>bonitas</strong></span> <span class='ocrx_word' id='word_1_35' title='bbox 1618 1188 1767 1262; x_wconf 93' lang='lat' dir='ltr'><strong>hominis</strong></span> <span class='ocrx_word' id='word_1_36' title='bbox 1796 1187 2004 1261; x_wconf 78' lang='lat' dir='ltr'><strong>deformetur</strong></span> 
     </span>
     <span class='ocr_line' id='line_1_5' title="bbox 596 1312 2003 1413; baseline -0.002 -24"><span class='ocrx_word' id='word_1_37' title='bbox 596 1339 617 1389; x_wconf 91' lang='lat' dir='ltr'><strong>a</strong></span> <span class='ocrx_word' id='word_1_38' title='bbox 645 1317 743 1409; x_wconf 91' lang='lat' dir='ltr'><strong>loco,</strong></span> <span class='ocrx_word' id='word_1_39' title='bbox 773 1317 835 1390; x_wconf 85' lang='lat' dir='ltr'><strong>sed</strong></span> <span class='ocrx_word' id='word_1_40' title='bbox 866 1318 980 1413; x_wconf 90' lang='lat' dir='ltr'><strong>potius</strong></span> <span class='ocrx_word' id='word_1_41' title='bbox 1005 1318 1071 1391; x_wconf 91' lang='lat' dir='ltr'><strong>loci</strong></span> <span class='ocrx_word' id='word_1_42' title='bbox 1097 1317 1226 1389; x_wconf 88' lang='lat' dir='ltr'><strong>malitia</strong></span> <span class='ocrx_word' id='word_1_43' title='bbox 1253 1338 1315 1411; x_wconf 88' lang='lat' dir='ltr'><strong>per</strong></span> <span class='ocrx_word' id='word_1_44' title='bbox 1342 1314 1517 1387; x_wconf 89' lang='lat' dir='ltr'><strong>bominem</strong></span> <span class='ocrx_word' id='word_1_45' title='bbox 1542 1314 1755 1387; x_wconf 81' lang='lat' dir='ltr'><strong>reformetur.</strong></span> <span class='ocrx_word' id='word_1_46' title='bbox 1784 1312 1910 1384; x_wconf 84' lang='lat' dir='ltr'><strong>Probat</strong></span> <span class='ocrx_word' id='word_1_47' title='bbox 1937 1313 2003 1386; x_wconf 93' lang='lat' dir='ltr'><strong>hoc</strong></span> 
     </span>
     <span class='ocr_line' id='line_1_6' title="bbox 596 1436 2002 1535; baseline -0.001 -24"><span class='ocrx_word' id='word_1_48' title='bbox 596 1439 691 1533; x_wconf 94' lang='lat' dir='ltr'><strong>quod</strong></span> <span class='ocrx_word' id='word_1_49' title='bbox 717 1462 783 1514; x_wconf 92' lang='lat' dir='ltr'><strong>nec</strong></span> <span class='ocrx_word' id='word_1_50' title='bbox 805 1441 924 1535; x_wconf 87' lang='lat' dir='ltr'><strong>pietati</strong></span> <span class='ocrx_word' id='word_1_51' title='bbox 949 1441 1072 1515; x_wconf 82' lang='lat' dir='ltr'><strong>Christi</strong></span> <span class='ocrx_word' id='word_1_52' title='bbox 1101 1441 1294 1535; x_wconf 90' lang='lat' dir='ltr'><strong>quidquam</strong></span> <span class='ocrx_word' id='word_1_53' title='bbox 1318 1438 1470 1511; x_wconf 90' lang='lat' dir='ltr'><strong>mundus</strong></span> <span class='ocrx_word' id='word_1_54' title='bbox 1497 1438 1669 1510; x_wconf 84' lang='lat' dir='ltr'><strong>subtraxit</strong></span> <span class='ocrx_word' id='word_1_55' title='bbox 1696 1436 1843 1533; x_wconf 90' lang='lat' dir='ltr'><strong>impius,</strong></span> <span class='ocrx_word' id='word_1_56' title='bbox 1862 1458 1928 1509; x_wconf 86' lang='lat' dir='ltr'><strong>nec</strong></span> <span class='ocrx_word' id='word_1_57' title='bbox 1945 1458 2002 1510; x_wconf 87' lang='lat' dir='ltr'><strong>ce·</strong></span> 
     </span>
     <span class='ocr_line' id='line_1_7' title="bbox 594 1560 2001 1655; baseline -0.002 -21"><span class='ocrx_word' id='word_1_58' title='bbox 594 1565 667 1637; x_wconf 92' lang='lat' dir='ltr'><strong>lum</strong></span> <span class='ocrx_word' id='word_1_59' title='bbox 682 1564 762 1637; x_wconf 86' lang='lat' dir='ltr'><strong>fecit</strong></span> <span class='ocrx_word' id='word_1_60' title='bbox 773 1574 930 1638; x_wconf 88' lang='lat' dir='ltr'><strong>sanctum</strong></span> <span class='ocrx_word' id='word_1_61' title='bbox 941 1564 1123 1639; x_wconf 87' lang='lat' dir='ltr'><strong>demonem</strong></span> <span class='ocrx_word' id='word_1_62' title='bbox 1134 1586 1199 1637; x_wconf 85' lang='lat' dir='ltr'><strong>nec</strong></span> <span class='ocrx_word' id='word_1_63' title='bbox 1211 1563 1386 1636; x_wconf 90' lang='lat' dir='ltr'><strong>bominem</strong></span> <span class='ocrx_word' id='word_1_64' title='bbox 1400 1560 1592 1655; x_wconf 84' lang='lat' dir='ltr'><strong>paradisus.</strong></span> <span class='ocrx_word' id='word_1_65' title='bbox 1604 1560 1719 1633; x_wconf 88' lang='lat' dir='ltr'><strong>Genus</strong></span> <span class='ocrx_word' id='word_1_66' title='bbox 1733 1561 1836 1632; x_wconf 90' lang='lat' dir='ltr'><strong>ctiam</strong></span> <span class='ocrx_word' id='word_1_67' title='bbox 1849 1560 1895 1633; x_wconf 87' lang='lat' dir='ltr'><strong>ad</strong></span> <span class='ocrx_word' id='word_1_68' title='bbox 1907 1570 2001 1632; x_wconf 87' lang='lat' dir='ltr'><strong>tuam</strong></span> 
     </span>
     <span class='ocr_line' id='line_1_8' title="bbox 594 1684 2001 1781; baseline -0.002 -21"><span class='ocrx_word' id='word_1_69' title='bbox 594 1688 817 1761; x_wconf 88' lang='lat' dir='ltr'><strong>intentionem</strong></span> <span class='ocrx_word' id='word_1_70' title='bbox 841 1711 911 1761; x_wconf 93' lang='lat' dir='ltr'><strong>nou</strong></span> <span class='ocrx_word' id='word_1_71' title='bbox 932 1690 1109 1780; x_wconf 85' lang='lat' dir='ltr'><strong>sufficere,</strong></span> <span class='ocrx_word' id='word_1_72' title='bbox 1130 1690 1237 1759; x_wconf 93' lang='lat' dir='ltr'><strong>immo</strong></span> <span class='ocrx_word' id='word_1_73' title='bbox 1259 1709 1327 1759; x_wconf 94' lang='lat' dir='ltr'><strong>non</strong></span> <span class='ocrx_word' id='word_1_74' title='bbox 1348 1684 1512 1781; x_wconf 84' lang='lat' dir='ltr'><strong>prolicere</strong></span> <span class='ocrx_word' id='word_1_75' title='bbox 1529 1684 1691 1774; x_wconf 90' lang='lat' dir='ltr'><strong>creditur,</strong></span> <span class='ocrx_word' id='word_1_76' title='bbox 1711 1684 1792 1778; x_wconf 92' lang='lat' dir='ltr'><strong>quia</strong></span> <span class='ocrx_word' id='word_1_77' title='bbox 1818 1684 1945 1756; x_wconf 83' lang='lat' dir='ltr'><strong>frustra</strong></span> <span class='ocrx_word' id='word_1_78' title='bbox 1965 1686 2001 1757; x_wconf 94' lang='lat' dir='ltr'><strong>in</strong></span> 
     </span>
     <span class='ocr_line' id='line_1_9' title="bbox 594 1806 2002 1905; baseline -0.003 -23"><span class='ocrx_word' id='word_1_79' title='bbox 594 1810 654 1884; x_wconf 91' lang='lat' dir='ltr'><strong>illo</strong></span> <span class='ocrx_word' id='word_1_80' title='bbox 665 1811 838 1905; x_wconf 83' lang='lat' dir='ltr'><strong>parentele</strong></span> <span class='ocrx_word' id='word_1_81' title='bbox 849 1812 934 1882; x_wconf 88' lang='lat' dir='ltr'><strong>vitia</strong></span> <span class='ocrx_word' id='word_1_82' title='bbox 947 1811 1234 1901; x_wconf 77' lang='lat' dir='ltr'><strong>condemnantur,</strong></span> <span class='ocrx_word' id='word_1_83' title='bbox 1244 1810 1306 1904; x_wconf 93' lang='lat' dir='ltr'><strong>qui</strong></span> <span class='ocrx_word' id='word_1_84' title='bbox 1321 1832 1382 1903; x_wconf 90' lang='lat' dir='ltr'><strong>per</strong></span> <span class='ocrx_word' id='word_1_85' title='bbox 1394 1806 1663 1882; x_wconf 88' lang='lat' dir='ltr'><strong>conversationis</strong></span> <span class='ocrx_word' id='word_1_86' title='bbox 1671 1815 1788 1879; x_wconf 83' lang='lat' dir='ltr'><strong>sancto</strong></span> <span class='ocrx_word' id='word_1_87' title='bbox 1796 1806 2002 1879; x_wconf 82' lang='lat' dir='ltr'><strong>munditiam</strong></span> 
     </span>
     <span class='ocr_line' id='line_1_10' title="bbox 593 1932 2003 2031; baseline -0.003 -22"><span class='ocrx_word' id='word_1_88' title='bbox 593 1936 743 2031; x_wconf 85' lang='lat' dir='ltr'><strong>apatria</strong></span> <span class='ocrx_word' id='word_1_89' title='bbox 758 1945 793 2007; x_wconf 89' lang='lat' dir='ltr'><strong>et</strong></span> <span class='ocrx_word' id='word_1_90' title='bbox 809 1936 1010 2031; x_wconf 89' lang='lat' dir='ltr'><strong>parentibus</strong></span> <span class='ocrx_word' id='word_1_91' title='bbox 1033 1936 1134 2031; x_wconf 86' lang='lat' dir='ltr'><strong>quasi</strong></span> <span class='ocrx_word' id='word_1_92' title='bbox 1158 1936 1195 2008; x_wconf 92' lang='lat' dir='ltr'><strong>in</strong></span> <span class='ocrx_word' id='word_1_93' title='bbox 1219 1935 1333 2006; x_wconf 90' lang='lat' dir='ltr'><strong>virum</strong></span> <span class='ocrx_word' id='word_1_94' title='bbox 1359 1942 1509 2007; x_wconf 90' lang='lat' dir='ltr'><strong>mutatus</strong></span> <span class='ocrx_word' id='word_1_95' title='bbox 1533 1932 1638 2004; x_wconf 90' lang='lat' dir='ltr'><strong>alium</strong></span> <span class='ocrx_word' id='word_1_96' title='bbox 1661 1932 1771 2003; x_wconf 85' lang='lat' dir='ltr'><strong>lactus</strong></span> <span class='ocrx_word' id='word_1_97' title='bbox 1793 1941 1845 2004; x_wconf 90' lang='lat' dir='ltr'><strong>est</strong></span> <span class='ocrx_word' id='word_1_98' title='bbox 1868 1932 2003 2027; x_wconf 86' lang='lat' dir='ltr'><strong>penitus</strong></span> 
     </span>
     <span class='ocr_line' id='line_1_11' title="bbox 594 2055 2003 2154; baseline -0.001 -25"><span class='ocrx_word' id='word_1_99' title='bbox 594 2059 808 2154; x_wconf 87' lang='lat' dir='ltr'><strong>peregrinus.</strong></span> <span class='ocrx_word' id='word_1_100' title='bbox 827 2059 920 2145; x_wconf 86' lang='lat' dir='ltr'><strong>Quid</strong></span> <span class='ocrx_word' id='word_1_101' title='bbox 939 2061 1058 2154; x_wconf 86' lang='lat' dir='ltr'><strong>plural</strong></span> <span class='ocrx_word' id='word_1_102' title='bbox 1083 2060 1207 2132; x_wconf 81' lang='lat' dir='ltr'><strong>frustra</strong></span> <span class='ocrx_word' id='word_1_103' title='bbox 1228 2058 1316 2153; x_wconf 91' lang='lat' dir='ltr'><strong>quid</strong></span> <span class='ocrx_word' id='word_1_104' title='bbox 1336 2057 1383 2131; x_wconf 92' lang='lat' dir='ltr'><strong>ad</strong></span> <span class='ocrx_word' id='word_1_105' title='bbox 1405 2055 1640 2152; x_wconf 88' lang='lat' dir='ltr'><strong>probationem</strong></span> <span class='ocrx_word' id='word_1_106' title='bbox 1663 2055 1810 2147; x_wconf 87' lang='lat' dir='ltr'><strong>alicujus</strong></span> <span class='ocrx_word' id='word_1_107' title='bbox 1829 2056 2003 2127; x_wconf 85' lang='lat' dir='ltr'><strong>inducitur</strong></span> 
     </span>
     <span class='ocr_line' id='line_1_12' title="bbox 593 2179 2000 2278; baseline -0.003 -23"><span class='ocrx_word' id='word_1_108' title='bbox 593 2182 689 2278; x_wconf 91' lang='lat' dir='ltr'><strong>quod</strong></span> <span class='ocrx_word' id='word_1_109' title='bbox 702 2183 788 2255; x_wconf 92' lang='lat' dir='ltr'><strong>illud</strong></span> <span class='ocrx_word' id='word_1_110' title='bbox 802 2205 867 2255; x_wconf 90' lang='lat' dir='ltr'><strong>nec</strong></span> <span class='ocrx_word' id='word_1_111' title='bbox 880 2185 1078 2277; x_wconf 84' lang='lat' dir='ltr'><strong>frequenter</strong></span> <span class='ocrx_word' id='word_1_112' title='bbox 1091 2204 1156 2256; x_wconf 89' lang='lat' dir='ltr'><strong>uec</strong></span> <span class='ocrx_word' id='word_1_113' title='bbox 1167 2180 1439 2277; x_wconf 84' lang='lat' dir='ltr'><strong>inseparabiliter</strong></span> <span class='ocrx_word' id='word_1_114' title='bbox 1451 2181 1644 2253; x_wconf 88' lang='lat' dir='ltr'><strong>comitatur.</strong></span> <span class='ocrx_word' id='word_1_115' title='bbox 1659 2179 1874 2273; x_wconf 83' lang='lat' dir='ltr'><strong>Suffragatur</strong></span> <span class='ocrx_word' id='word_1_116' title='bbox 1886 2189 2000 2252; x_wconf 84' lang='lat' dir='ltr'><strong>autem</strong></span> 
     </span>
     <span class='ocr_line' id='line_1_13' title="bbox 592 2304 2001 2401; baseline -0.003 -22"><span class='ocrx_word' id='word_1_117' title='bbox 592 2305 639 2379; x_wconf 93' lang='lat' dir='ltr'><strong>ad</strong></span> <span class='ocrx_word' id='word_1_118' title='bbox 654 2306 722 2378; x_wconf 89' lang='lat' dir='ltr'><strong>buc</strong></span> <span class='ocrx_word' id='word_1_119' title='bbox 737 2306 970 2379; x_wconf 86' lang='lat' dir='ltr'><strong>testimonium</strong></span> <span class='ocrx_word' id='word_1_120' title='bbox 983 2305 1101 2379; x_wconf 90' lang='lat' dir='ltr'><strong>dilecti</strong></span> <span class='ocrx_word' id='word_1_121' title='bbox 1118 2306 1180 2377; x_wconf 88' lang='lat' dir='ltr'><strong>filii</strong></span> <span class='ocrx_word' id='word_1_122' title='bbox 1196 2305 1350 2401; x_wconf 82' lang='lat' dir='ltr'><strong>magistri</strong></span> <span class='ocrx_word' id='word_1_123' title='bbox 1368 2304 1543 2401; x_wconf 84' lang='lat' dir='ltr'><strong>hospitalis</strong></span> <span class='ocrx_word' id='word_1_124' title='bbox 1557 2306 1680 2377; x_wconf 89' lang='lat' dir='ltr'><strong>Sancte</strong></span> <span class='ocrx_word' id='word_1_125' title='bbox 1699 2304 1805 2375; x_wconf 86' lang='lat' dir='ltr'><strong>llarie</strong></span> <span class='ocrx_word' id='word_1_126' title='bbox 1817 2304 2001 2375; x_wconf 83' lang='lat' dir='ltr'><strong>Tbeutoui·</strong></span> 
     </span>
     <span class='ocr_line' id='line_1_14' title="bbox 593 2426 2001 2526; baseline -0.001 -23"><span class='ocrx_word' id='word_1_127' title='bbox 593 2451 725 2521; x_wconf 91' lang='lat' dir='ltr'><strong>corum,</strong></span> <span class='ocrx_word' id='word_1_128' title='bbox 737 2439 773 2501; x_wconf 91' lang='lat' dir='ltr'><strong>et</strong></span> <span class='ocrx_word' id='word_1_129' title='bbox 787 2432 818 2501; x_wconf 90' lang='lat' dir='ltr'><strong>ci</strong></span> <span class='ocrx_word' id='word_1_130' title='bbox 835 2428 932 2523; x_wconf 89' lang='lat' dir='ltr'><strong>quod</strong></span> <span class='ocrx_word' id='word_1_131' title='bbox 946 2431 1013 2503; x_wconf 90' lang='lat' dir='ltr'><strong>alia</strong></span> <span class='ocrx_word' id='word_1_132' title='bbox 1029 2430 1106 2503; x_wconf 88' lang='lat' dir='ltr'><strong>vice</strong></span> <span class='ocrx_word' id='word_1_133' title='bbox 1119 2431 1233 2526; x_wconf 91' lang='lat' dir='ltr'><strong>ipsum</strong></span> <span class='ocrx_word' id='word_1_134' title='bbox 1247 2453 1327 2503; x_wconf 91' lang='lat' dir='ltr'><strong>cum</strong></span> <span class='ocrx_word' id='word_1_135' title='bbox 1341 2430 1466 2503; x_wconf 84' lang='lat' dir='ltr'><strong>dilecto</strong></span> <span class='ocrx_word' id='word_1_136' title='bbox 1478 2426 1549 2501; x_wconf 90' lang='lat' dir='ltr'><strong>lilio</strong></span> <span class='ocrx_word' id='word_1_137' title='bbox 1562 2438 1676 2501; x_wconf 86' lang='lat' dir='ltr'><strong>nostro</strong></span> <span class='ocrx_word' id='word_1_138' title='bbox 1689 2430 1730 2500; x_wconf 93' lang='lat'><strong>0.</strong></span> <span class='ocrx_word' id='word_1_139' title='bbox 1745 2428 1859 2500; x_wconf 88' lang='lat' dir='ltr'><strong>Sancti</strong></span> <span class='ocrx_word' id='word_1_140' title='bbox 1873 2429 2001 2501; x_wconf 92' lang='lat' dir='ltr'><strong>Nicolai</strong></span> 
     </span>
     <span class='ocr_line' id='line_1_15' title="bbox 593 2552 2002 2646; baseline 0.001 -21"><span class='ocrx_word' id='word_1_141' title='bbox 593 2554 630 2625; x_wconf 93' lang='lat' dir='ltr'><strong>iu</strong></span> <span class='ocrx_word' id='word_1_142' title='bbox 651 2574 786 2627; x_wconf 87' lang='lat' dir='ltr'><strong>carcere</strong></span> <span class='ocrx_word' id='word_1_143' title='bbox 804 2554 961 2627; x_wconf 86' lang='lat' dir='ltr'><strong>Tulliano</strong></span> <span class='ocrx_word' id='word_1_144' title='bbox 977 2554 1126 2627; x_wconf 90' lang='lat' dir='ltr'><strong>diacono</strong></span> <span class='ocrx_word' id='word_1_145' title='bbox 1147 2554 1315 2628; x_wconf 88' lang='lat' dir='ltr'><strong>cardinali</strong></span> <span class='ocrx_word' id='word_1_146' title='bbox 1333 2554 1569 2627; x_wconf 86' lang='lat' dir='ltr'><strong>transmissum</strong></span> <span class='ocrx_word' id='word_1_147' title='bbox 1592 2552 1654 2623; x_wconf 88' lang='lat' dir='ltr'><strong>tibi</strong></span> <span class='ocrx_word' id='word_1_148' title='bbox 1673 2560 1871 2646; x_wconf 88' lang='lat' dir='ltr'><strong>suspectum</strong></span> <span class='ocrx_word' id='word_1_149' title='bbox 1895 2553 2002 2626; x_wconf 87' lang='lat' dir='ltr'><strong>luisse</strong></span> 
     </span>
     <span class='ocr_line' id='line_1_16' title="bbox 593 2674 2002 2773; baseline 0 -24"><span class='ocrx_word' id='word_1_150' title='bbox 593 2677 738 2767; x_wconf 88' lang='lat' dir='ltr'><strong>asseris,</strong></span> <span class='ocrx_word' id='word_1_151' title='bbox 762 2678 968 2771; x_wconf 78' lang='lat' dir='ltr'><strong>refragatur,</strong></span> <span class='ocrx_word' id='word_1_152' title='bbox 996 2699 1075 2749; x_wconf 94' lang='lat' dir='ltr'><strong>cum</strong></span> <span class='ocrx_word' id='word_1_153' title='bbox 1098 2678 1215 2773; x_wconf 91' lang='lat' dir='ltr'><strong>ipsum</strong></span> <span class='ocrx_word' id='word_1_154' title='bbox 1240 2676 1326 2749; x_wconf 93' lang='lat' dir='ltr'><strong>nihil</strong></span> <span class='ocrx_word' id='word_1_155' title='bbox 1352 2676 1473 2749; x_wconf 86' lang='lat' dir='ltr'><strong>iecisse</strong></span> <span class='ocrx_word' id='word_1_156' title='bbox 1496 2675 1590 2747; x_wconf 87' lang='lat' dir='ltr'><strong>unde</strong></span> <span class='ocrx_word' id='word_1_157' title='bbox 1615 2674 1810 2748; x_wconf 88' lang='lat' dir='ltr'><strong>celsitudini</strong></span> <span class='ocrx_word' id='word_1_158' title='bbox 1837 2676 2002 2771; x_wconf 89' lang='lat' dir='ltr'><strong>imperiali</strong></span> 
     </span>
     <span class='ocr_line' id='line_1_17' title="bbox 593 2798 2002 2896; baseline 0 -23"><span class='ocrx_word' id='word_1_159' title='bbox 593 2809 774 2893; x_wconf 88' lang='lat' dir='ltr'><strong>suspectus</strong></span> <span class='ocrx_word' id='word_1_160' title='bbox 784 2801 904 2873; x_wconf 89' lang='lat' dir='ltr'><strong>merito</strong></span> <span class='ocrx_word' id='word_1_161' title='bbox 917 2801 1059 2875; x_wconf 82' lang='lat' dir='ltr'><strong>deberet</strong></span> <span class='ocrx_word' id='word_1_162' title='bbox 1075 2801 1194 2875; x_wconf 87' lang='lat' dir='ltr'><strong>baberi</strong></span> <span class='ocrx_word' id='word_1_163' title='bbox 1208 2822 1324 2875; x_wconf 87' lang='lat' dir='ltr'><strong>coram</strong></span> <span class='ocrx_word' id='word_1_164' title='bbox 1343 2800 1443 2875; x_wconf 91' lang='lat' dir='ltr'><strong>nobis</strong></span> <span class='ocrx_word' id='word_1_165' title='bbox 1456 2800 1595 2896; x_wconf 90' lang='lat' dir='ltr'><strong>publicu</strong></span> <span class='ocrx_word' id='word_1_166' title='bbox 1610 2822 1697 2873; x_wconf 79' lang='lat' dir='ltr'><strong>voce</strong></span> <span class='ocrx_word' id='word_1_167' title='bbox 1715 2798 1857 2891; x_wconf 87' lang='lat' dir='ltr'><strong>dixerit,</strong></span> <span class='ocrx_word' id='word_1_168' title='bbox 1874 2810 2002 2875; x_wconf 85' lang='lat' dir='ltr'><strong>etcum</strong></span> 
     </span>
     <span class='ocr_line' id='line_1_18' title="bbox 594 2922 2003 3019; baseline 0.001 -22"><span class='ocrx_word' id='word_1_169' title='bbox 594 2923 685 2997; x_wconf 91' lang='lat' dir='ltr'><strong>circa</strong></span> <span class='ocrx_word' id='word_1_170' title='bbox 709 2924 983 2997; x_wconf 87' lang='lat' dir='ltr'><strong>observationem</strong></span> <span class='ocrx_word' id='word_1_171' title='bbox 1005 2925 1136 3018; x_wconf 87' lang='lat' dir='ltr'><strong>justitie</strong></span> <span class='ocrx_word' id='word_1_172' title='bbox 1158 2926 1348 3019; x_wconf 89' lang='lat' dir='ltr'><strong>plurimum</strong></span> <span class='ocrx_word' id='word_1_173' title='bbox 1373 2922 1633 2999; x_wconf 86' lang='lat' dir='ltr'><strong>commendarit.</strong></span> <span class='ocrx_word' id='word_1_174' title='bbox 1662 2925 1874 2999; x_wconf 83' lang='lat' dir='ltr'><strong>Erubescera</strong></span> <span class='ocrx_word' id='word_1_175' title='bbox 1898 2926 2003 3019; x_wconf 88' lang='lat' dir='ltr'><strong>igitur</strong></span> 
     </span>
     <span class='ocr_line' id='line_1_19' title="bbox 595 3048 2002 3144; baseline 0.001 -23"><span class='ocrx_word' id='word_1_176' title='bbox 595 3048 718 3143; x_wconf 83' lang='lat' dir='ltr'><strong>poterit</strong></span> <span class='ocrx_word' id='word_1_177' title='bbox 733 3069 845 3122; x_wconf 86' lang='lat' dir='ltr'><strong>novus</strong></span> <span class='ocrx_word' id='word_1_178' title='bbox 858 3048 993 3142; x_wconf 90' lang='lat' dir='ltr'><strong>logicus</strong></span> <span class='ocrx_word' id='word_1_179' title='bbox 1009 3049 1054 3123; x_wconf 89' lang='lat' dir='ltr'><strong>de</strong></span> <span class='ocrx_word' id='word_1_180' title='bbox 1067 3048 1167 3121; x_wconf 91' lang='lat' dir='ltr'><strong>nubis</strong></span> <span class='ocrx_word' id='word_1_181' title='bbox 1184 3050 1266 3123; x_wconf 90' lang='lat' dir='ltr'><strong>mali</strong></span> <span class='ocrx_word' id='word_1_182' title='bbox 1281 3048 1428 3141; x_wconf 87' lang='lat' dir='ltr'><strong>alicujus</strong></span> <span class='ocrx_word' id='word_1_183' title='bbox 1444 3048 1580 3121; x_wconf 92' lang='lat' dir='ltr'><strong>initium</strong></span> <span class='ocrx_word' id='word_1_184' title='bbox 1598 3048 1654 3120; x_wconf 86' lang='lat' dir='ltr'><strong>vel</strong></span> <span class='ocrx_word' id='word_1_185' title='bbox 1670 3048 1888 3143; x_wconf 87' lang='lat' dir='ltr'><strong>participium</strong></span> <span class='ocrx_word' id='word_1_186' title='bbox 1904 3072 2002 3144; x_wconf 88' lang='lat' dir='ltr'><strong>pana·</strong></span> 
     </span>
     <span class='ocr_line' id='line_1_20' title="bbox 595 3170 2002 3267; baseline 0.004 -25"><span class='ocrx_word' id='word_1_187' title='bbox 595 3170 739 3264; x_wconf 88' lang='lat' dir='ltr'><strong>logismo</strong></span> <span class='ocrx_word' id='word_1_188' title='bbox 752 3172 970 3263; x_wconf 89' lang='lat' dir='ltr'><strong>concludere,</strong></span> <span class='ocrx_word' id='word_1_189' title='bbox 987 3174 1087 3265; x_wconf 88' lang='lat' dir='ltr'><strong>eujus</strong></span> <span class='ocrx_word' id='word_1_190' title='bbox 1105 3173 1287 3245; x_wconf 80' lang='lat' dir='ltr'><strong>salsitatem</strong></span> <span class='ocrx_word' id='word_1_191' title='bbox 1309 3172 1413 3245; x_wconf 89' lang='lat' dir='ltr'><strong>etiam</strong></span> <span class='ocrx_word' id='word_1_192' title='bbox 1435 3171 1583 3267; x_wconf 89' lang='lat' dir='ltr'><strong>imperiti</strong></span> <span class='ocrx_word' id='word_1_193' title='bbox 1605 3171 1651 3245; x_wconf 90' lang='lat' dir='ltr'><strong>de</strong></span> <span class='ocrx_word' id='word_1_194' title='bbox 1667 3172 1770 3266; x_wconf 89' lang='lat' dir='ltr'><strong>longe</strong></span> <span class='ocrx_word' id='word_1_195' title='bbox 1787 3173 2002 3267; x_wconf 87' lang='lat' dir='ltr'><strong>speculantes</strong></span> 
     </span>
     <span class='ocr_line' id='line_1_21' title="bbox 594 3295 2002 3393; baseline 0.001 -26"><span class='ocrx_word' id='word_1_196' title='bbox 594 3305 737 3391; x_wconf 77' lang='lat' dir='ltr'><strong>possum</strong></span> <span class='ocrx_word' id='word_1_197' title='bbox 753 3296 831 3367; x_wconf 92' lang='lat' dir='ltr'><strong>lnce</strong></span> <span class='ocrx_word' id='word_1_198' title='bbox 846 3296 970 3369; x_wconf 89' lang='lat' dir='ltr'><strong>clarius</strong></span> <span class='ocrx_word' id='word_1_199' title='bbox 981 3296 1187 3389; x_wconf 85' lang='lat' dir='ltr'><strong>improbare,</strong></span> <span class='ocrx_word' id='word_1_200' title='bbox 1201 3318 1281 3369; x_wconf 87' lang='lat' dir='ltr'><strong>cum</strong></span> <span class='ocrx_word' id='word_1_201' title='bbox 1294 3296 1432 3392; x_wconf 85' lang='lat' dir='ltr'><strong>publice</strong></span> <span class='ocrx_word' id='word_1_202' title='bbox 1444 3295 1574 3369; x_wconf 89' lang='lat' dir='ltr'><strong>bouum</strong></span> <span class='ocrx_word' id='word_1_203' title='bbox 1588 3304 1623 3367; x_wconf 88' lang='lat' dir='ltr'><strong>et</strong></span> <span class='ocrx_word' id='word_1_204' title='bbox 1636 3296 1815 3369; x_wconf 78' lang='lat' dir='ltr'><strong>manifesta</strong></span> <span class='ocrx_word' id='word_1_205' title='bbox 1828 3296 1911 3369; x_wconf 89' lang='lat' dir='ltr'><strong>boni</strong></span> <span class='ocrx_word' id='word_1_206' title='bbox 1924 3318 2002 3393; x_wconf 81' lang='lat' dir='ltr'><strong>spe·</strong></span> 
     </span>
     <span class='ocr_line' id='line_1_22' title="bbox 593 3417 2002 3514; baseline 0.002 -24"><span class='ocrx_word' id='word_1_207' title='bbox 593 3417 664 3491; x_wconf 90' lang='lat' dir='ltr'><strong>cies</strong></span> <span class='ocrx_word' id='word_1_208' title='bbox 681 3419 784 3489; x_wconf 87' lang='lat' dir='ltr'><strong>inerit</strong></span> <span class='ocrx_word' id='word_1_209' title='bbox 800 3418 897 3512; x_wconf 89' lang='lat' dir='ltr'><strong>qnod</strong></span> <span class='ocrx_word' id='word_1_210' title='bbox 918 3419 1052 3511; x_wconf 91' lang='lat' dir='ltr'><strong>legatus</strong></span> <span class='ocrx_word' id='word_1_211' title='bbox 1070 3419 1117 3493; x_wconf 87' lang='lat' dir='ltr'><strong>ad</strong></span> <span class='ocrx_word' id='word_1_212' title='bbox 1138 3419 1391 3493; x_wconf 78' lang='lat' dir='ltr'><strong>reformandam</strong></span> <span class='ocrx_word' id='word_1_213' title='bbox 1410 3440 1529 3514; x_wconf 91' lang='lat' dir='ltr'><strong>pacem</strong></span> <span class='ocrx_word' id='word_1_214' title='bbox 1548 3420 1636 3491; x_wconf 89' lang='lat' dir='ltr'><strong>iuter</strong></span> <span class='ocrx_word' id='word_1_215' title='bbox 1650 3426 1684 3491; x_wconf 87' lang='lat' dir='ltr'><strong>ta</strong></span> <span class='ocrx_word' id='word_1_216' title='bbox 1699 3440 1742 3491; x_wconf 91' lang='lat' dir='ltr'><strong>ac</strong></span> <span class='ocrx_word' id='word_1_217' title='bbox 1754 3418 2002 3494; x_wconf 86' lang='lat' dir='ltr'><strong>Lombardosa</strong></span> 
     </span>
     <span class='ocr_line' id='line_1_23' title="bbox 593 3541 2003 3639; baseline 0.004 -27"><span class='ocrx_word' id='word_1_218' title='bbox 593 3541 694 3613; x_wconf 90' lang='lat' dir='ltr'><strong>nobis</strong></span> <span class='ocrx_word' id='word_1_219' title='bbox 710 3541 902 3613; x_wconf 88' lang='lat' dir='ltr'><strong>destinatus</strong></span> <span class='ocrx_word' id='word_1_220' title='bbox 917 3543 1079 3633; x_wconf 80' lang='lat' dir='ltr'><strong>accessit3</strong></span> <span class='ocrx_word' id='word_1_221' title='bbox 1097 3543 1155 3613; x_wconf 91' lang='lat' dir='ltr'><strong>cui</strong></span> <span class='ocrx_word' id='word_1_222' title='bbox 1170 3543 1256 3615; x_wconf 92' lang='lat' dir='ltr'><strong>nibil</strong></span> <span class='ocrx_word' id='word_1_223' title='bbox 1272 3564 1372 3638; x_wconf 89' lang='lat' dir='ltr'><strong>possa</strong></span> <span class='ocrx_word' id='word_1_224' title='bbox 1390 3542 1562 3617; x_wconf 74' lang='lat' dir='ltr'><strong>credimus</strong></span> <span class='ocrx_word' id='word_1_225' title='bbox 1576 3543 1736 3638; x_wconf 88' lang='lat' dir='ltr'><strong>imputari</strong></span> <span class='ocrx_word' id='word_1_226' title='bbox 1749 3543 1779 3615; x_wconf 87' lang='lat' dir='ltr'><strong>si</strong></span> <span class='ocrx_word' id='word_1_227' title='bbox 1793 3565 1835 3617; x_wconf 87' lang='lat' dir='ltr'><strong>eo</strong></span> <span class='ocrx_word' id='word_1_228' title='bbox 1847 3556 2003 3639; x_wconf 85' lang='lat' dir='ltr'><strong>presente</strong></span> 
     </span>
     <span class='ocr_line' id='line_1_24' title="bbox 594 3664 2002 3762; baseline 0.002 -24"><span class='ocrx_word' id='word_1_229' title='bbox 594 3664 710 3738; x_wconf 87' lang='lat' dir='ltr'><strong>sedata</strong></span> <span class='ocrx_word' id='word_1_230' title='bbox 723 3666 791 3738; x_wconf 91' lang='lat' dir='ltr'><strong>sint</strong></span> <span class='ocrx_word' id='word_1_231' title='bbox 804 3665 965 3738; x_wconf 87' lang='lat' dir='ltr'><strong>intestina</strong></span> <span class='ocrx_word' id='word_1_232' title='bbox 976 3666 1066 3739; x_wconf 89' lang='lat' dir='ltr'><strong>bella</strong></span> <span class='ocrx_word' id='word_1_233' title='bbox 1079 3665 1267 3755; x_wconf 80' lang='lat' dir='ltr'><strong>Placentia,</strong></span> <span class='ocrx_word' id='word_1_234' title='bbox 1284 3669 1313 3739; x_wconf 91' lang='lat' dir='ltr'><strong>si</strong></span> <span class='ocrx_word' id='word_1_235' title='bbox 1329 3668 1445 3762; x_wconf 88' lang='lat' dir='ltr'><strong>alique</strong></span> <span class='ocrx_word' id='word_1_236' title='bbox 1459 3667 1616 3742; x_wconf 86' lang='lat' dir='ltr'><strong>civitates</strong></span> <span class='ocrx_word' id='word_1_237' title='bbox 1628 3666 1834 3741; x_wconf 89' lang='lat' dir='ltr'><strong>Lombardie</strong></span> <span class='ocrx_word' id='word_1_238' title='bbox 1846 3668 2002 3742; x_wconf 87' lang='lat' dir='ltr'><strong>cladibus</strong></span> 
     </span>
     <span class='ocr_line' id='line_1_25' title="bbox 595 3788 2002 3884; baseline 0.001 -23"><span class='ocrx_word' id='word_1_239' title='bbox 595 3788 780 3883; x_wconf 87' lang='lat' dir='ltr'><strong>prelicrum</strong></span> <span class='ocrx_word' id='word_1_240' title='bbox 802 3810 965 3883; x_wconf 86' lang='lat' dir='ltr'><strong>oppresse</strong></span> <span class='ocrx_word' id='word_1_241' title='bbox 983 3788 1031 3861; x_wconf 89' lang='lat' dir='ltr'><strong>ad</strong></span> <span class='ocrx_word' id='word_1_242' title='bbox 1050 3790 1145 3884; x_wconf 89' lang='lat' dir='ltr'><strong>pacis</strong></span> <span class='ocrx_word' id='word_1_243' title='bbox 1162 3791 1290 3862; x_wconf 84' lang='lat' dir='ltr'><strong>luerint</strong></span> <span class='ocrx_word' id='word_1_244' title='bbox 1308 3789 1527 3865; x_wconf 89' lang='lat' dir='ltr'><strong>dulcedinem</strong></span> <span class='ocrx_word' id='word_1_245' title='bbox 1548 3792 1703 3865; x_wconf 87' lang='lat' dir='ltr'><strong>invitate.</strong></span> <span class='ocrx_word' id='word_1_246' title='bbox 1728 3792 1925 3877; x_wconf 90' lang='lat' dir='ltr'><strong>Quinimmo</strong></span> <span class='ocrx_word' id='word_1_247' title='bbox 1940 3791 2002 3863; x_wconf 90' lang='lat' dir='ltr'><strong>tibi</strong></span> 
     </span>
     <span class='ocr_line' id='line_1_26' title="bbox 595 3910 2002 4011; baseline 0.003 -26"><span class='ocrx_word' id='word_1_248' title='bbox 595 3910 642 3985; x_wconf 88' lang='lat' dir='ltr'><strong>ad</strong></span> <span class='ocrx_word' id='word_1_249' title='bbox 657 3911 832 3983; x_wconf 82' lang='lat' dir='ltr'><strong>infamiam</strong></span> <span class='ocrx_word' id='word_1_250' title='bbox 848 3921 1026 4006; x_wconf 87' lang='lat' dir='ltr'><strong>reputatur</strong></span> <span class='ocrx_word' id='word_1_251' title='bbox 1036 3910 1151 4007; x_wconf 90' lang='lat' dir='ltr'><strong>quod,</strong></span> <span class='ocrx_word' id='word_1_252' title='bbox 1165 3913 1318 3986; x_wconf 79' lang='lat' dir='ltr'><strong>Ecclesia</strong></span> <span class='ocrx_word' id='word_1_253' title='bbox 1333 3934 1395 3987; x_wconf 92' lang='lat' dir='ltr'><strong>sen</strong></span> <span class='ocrx_word' id='word_1_254' title='bbox 1408 3915 1539 4009; x_wconf 82' lang='lat' dir='ltr'><strong>prelato</strong></span> <span class='ocrx_word' id='word_1_255' title='bbox 1552 3914 1727 3989; x_wconf 86' lang='lat' dir='ltr'><strong>mediante</strong></span> <span class='ocrx_word' id='word_1_256' title='bbox 1739 3916 1868 4008; x_wconf 87' lang='lat' dir='ltr'><strong>legato,</strong></span> <span class='ocrx_word' id='word_1_257' title='bbox 1883 3936 2002 4011; x_wconf 90' lang='lat' dir='ltr'><strong>pacem</strong></span> 
     </span>
     <span class='ocr_line' id='line_1_27' title="bbox 595 4034 2002 4133; baseline 0.003 -26"><span class='ocrx_word' id='word_1_258' title='bbox 595 4035 731 4129; x_wconf 89' lang='lat' dir='ltr'><strong>imperii</strong></span> <span class='ocrx_word' id='word_1_259' title='bbox 750 4034 948 4129; x_wconf 88' lang='lat' dir='ltr'><strong>dedigneris</strong></span> <span class='ocrx_word' id='word_1_260' title='bbox 964 4038 1022 4108; x_wconf 84' lang='lat' dir='ltr'><strong>rel</strong></span> <span class='ocrx_word' id='word_1_261' title='bbox 1042 4057 1111 4108; x_wconf 93' lang='lat' dir='ltr'><strong>non</strong></span> <span class='ocrx_word' id='word_1_262' title='bbox 1126 4036 1267 4131; x_wconf 88' lang='lat' dir='ltr'><strong>patiaris</strong></span> <span class='ocrx_word' id='word_1_263' title='bbox 1285 4037 1398 4133; x_wconf 87' lang='lat' dir='ltr'><strong>potius</strong></span> <span class='ocrx_word' id='word_1_264' title='bbox 1417 4038 1607 4111; x_wconf 81' lang='lat' dir='ltr'><strong>reformari.</strong></span> <span class='ocrx_word' id='word_1_265' title='bbox 1628 4038 1697 4111; x_wconf 84' lang='lat' dir='ltr'><strong>Sed</strong></span> <span class='ocrx_word' id='word_1_266' title='bbox 1712 4048 1764 4112; x_wconf 86' lang='lat' dir='ltr'><strong>est</strong></span> <span class='ocrx_word' id='word_1_267' title='bbox 1782 4040 1922 4113; x_wconf 85' lang='lat' dir='ltr'><strong>fortasse</strong></span> <span class='ocrx_word' id='word_1_268' title='bbox 1939 4040 2002 4133; x_wconf 94' lang='lat' dir='ltr'><strong>qui</strong></span> 
     </span>
     <span class='ocr_line' id='line_1_28' title="bbox 595 4158 2002 4257; baseline 0.002 -24"><span class='ocrx_word' id='word_1_269' title='bbox 595 4158 688 4233; x_wconf 90' lang='lat' dir='ltr'><strong>dicat</strong></span> <span class='ocrx_word' id='word_1_270' title='bbox 702 4158 810 4253; x_wconf 92' lang='lat' dir='ltr'><strong>quod,</strong></span> <span class='ocrx_word' id='word_1_271' title='bbox 827 4160 912 4233; x_wconf 93' lang='lat' dir='ltr'><strong>dum</strong></span> <span class='ocrx_word' id='word_1_272' title='bbox 928 4161 1112 4234; x_wconf 81' lang='lat' dir='ltr'><strong>contraius</strong></span> <span class='ocrx_word' id='word_1_273' title='bbox 1129 4170 1164 4233; x_wconf 92' lang='lat' dir='ltr'><strong>et</strong></span> <span class='ocrx_word' id='word_1_274' title='bbox 1178 4161 1310 4233; x_wconf 91' lang='lat' dir='ltr'><strong>licitum</strong></span> <span class='ocrx_word' id='word_1_275' title='bbox 1326 4162 1526 4256; x_wconf 89' lang='lat' dir='ltr'><strong>episcopum</strong></span> <span class='ocrx_word' id='word_1_276' title='bbox 1540 4164 1710 4257; x_wconf 86' lang='lat' dir='ltr'><strong>prelatum</strong></span> <span class='ocrx_word' id='word_1_277' title='bbox 1727 4163 1796 4233; x_wconf 89' lang='lat' dir='ltr'><strong>tuis</strong></span> <span class='ocrx_word' id='word_1_278' title='bbox 1809 4183 1879 4235; x_wconf 94' lang='lat' dir='ltr'><strong>non</strong></span> <span class='ocrx_word' id='word_1_279' title='bbox 1894 4162 2002 4236; x_wconf 85' lang='lat' dir='ltr'><strong>habes</strong></span> 
     </span>
     <span class='ocr_line' id='line_1_29' title="bbox 595 4283 2003 4379; baseline 0.004 -25"><span class='ocrx_word' id='word_1_280' title='bbox 595 4283 685 4355; x_wconf 87' lang='lat' dir='ltr'><strong>votis</strong></span> <span class='ocrx_word' id='word_1_281' title='bbox 697 4283 838 4357; x_wconf 90' lang='lat' dir='ltr'><strong>omnino</strong></span> <span class='ocrx_word' id='word_1_282' title='bbox 853 4285 1050 4379; x_wconf 88' lang='lat' dir='ltr'><strong>propitium,</strong></span> <span class='ocrx_word' id='word_1_283' title='bbox 1069 4306 1149 4357; x_wconf 93' lang='lat' dir='ltr'><strong>eum</strong></span> <span class='ocrx_word' id='word_1_284' title='bbox 1165 4284 1403 4378; x_wconf 89' lang='lat' dir='ltr'><strong>imperialibus</strong></span> <span class='ocrx_word' id='word_1_285' title='bbox 1416 4286 1554 4359; x_wconf 90' lang='lat' dir='ltr'><strong>estimes</strong></span> <span class='ocrx_word' id='word_1_286' title='bbox 1567 4285 1750 4359; x_wconf 87' lang='lat' dir='ltr'><strong>desideriis</strong></span> <span class='ocrx_word' id='word_1_287' title='bbox 1763 4286 1953 4376; x_wconf 93' lang='lat' dir='ltr'><strong>inimicum,</strong></span> <span class='ocrx_word' id='word_1_288' title='bbox 1967 4298 2003 4359; x_wconf 88' lang='lat' dir='ltr'><strong>ct</strong></span> 
     </span>
     <span class='ocr_line' id='line_1_30' title="bbox 594 4408 2002 4507; baseline 0.003 -28"><span class='ocrx_word' id='word_1_289' title='bbox 594 4429 666 4502; x_wconf 92' lang='lat' dir='ltr'><strong>quo</strong></span> <span class='ocrx_word' id='word_1_290' title='bbox 684 4409 841 4502; x_wconf 88' lang='lat' dir='ltr'><strong>equalius</strong></span> <span class='ocrx_word' id='word_1_291' title='bbox 865 4410 1026 4483; x_wconf 88' lang='lat' dir='ltr'><strong>eumdem</strong></span> <span class='ocrx_word' id='word_1_292' title='bbox 1052 4409 1099 4482; x_wconf 89' lang='lat' dir='ltr'><strong>ad</strong></span> <span class='ocrx_word' id='word_1_293' title='bbox 1119 4408 1300 4503; x_wconf 83' lang='lat' dir='ltr'><strong>quodlibet</strong></span> <span class='ocrx_word' id='word_1_294' title='bbox 1320 4412 1553 4507; x_wconf 83' lang='lat' dir='ltr'><strong>oppositorum</strong></span> <span class='ocrx_word' id='word_1_295' title='bbox 1576 4421 1771 4485; x_wconf 86' lang='lat' dir='ltr'><strong>extremum</strong></span> <span class='ocrx_word' id='word_1_296' title='bbox 1794 4419 1832 4483; x_wconf 92' lang='lat' dir='ltr'><strong>ut</strong></span> <span class='ocrx_word' id='word_1_297' title='bbox 1855 4420 2002 4505; x_wconf 87' lang='lat' dir='ltr'><strong>utraque</strong></span> 
     </span>
     <span class='ocr_line' id='line_1_31' title="bbox 595 4532 2001 4631; baseline 0.002 -27"><span class='ocrx_word' id='word_1_298' title='bbox 595 4554 705 4604; x_wconf 90' lang='lat' dir='ltr'><strong>unum</strong></span> <span class='ocrx_word' id='word_1_299' title='bbox 718 4532 842 4606; x_wconf 85' lang='lat' dir='ltr'><strong>alliciat</strong></span> <span class='ocrx_word' id='word_1_300' title='bbox 858 4532 1030 4607; x_wconf 86' lang='lat' dir='ltr'><strong>declinare</strong></span> <span class='ocrx_word' id='word_1_301' title='bbox 1043 4534 1279 4628; x_wconf 84' lang='lat' dir='ltr'><strong>perspexeris,</strong></span> <span class='ocrx_word' id='word_1_302' title='bbox 1298 4556 1340 4607; x_wconf 87' lang='lat' dir='ltr'><strong>oo</strong></span> <span class='ocrx_word' id='word_1_303' title='bbox 1360 4536 1480 4609; x_wconf 85' lang='lat' dir='ltr'><strong>lortius</strong></span> <span class='ocrx_word' id='word_1_304' title='bbox 1495 4536 1607 4631; x_wconf 91' lang='lat' dir='ltr'><strong>ipsum</strong></span> <span class='ocrx_word' id='word_1_305' title='bbox 1620 4534 1833 4609; x_wconf 86' lang='lat' dir='ltr'><strong>celsitudinis</strong></span> <span class='ocrx_word' id='word_1_306' title='bbox 1850 4544 1909 4607; x_wconf 87' lang='lat' dir='ltr'><strong>tus</strong></span> <span class='ocrx_word' id='word_1_307' title='bbox 1921 4554 2001 4630; x_wconf 88' lang='lat' dir='ltr'><strong>pro·</strong></span> 
     </span>
     <span class='ocr_line' id='line_1_32' title="bbox 595 4655 2001 4754; baseline 0.004 -28"><span class='ocrx_word' id='word_1_308' title='bbox 595 4656 741 4727; x_wconf 86' lang='lat' dir='ltr'><strong>lectibus</strong></span> <span class='ocrx_word' id='word_1_309' title='bbox 754 4658 960 4729; x_wconf 90' lang='lat' dir='ltr'><strong>contrarium</strong></span> <span class='ocrx_word' id='word_1_310' title='bbox 972 4658 1175 4753; x_wconf 74' lang='lat' dir='ltr'><strong>suspiceris,</strong></span> <span class='ocrx_word' id='word_1_311' title='bbox 1192 4655 1238 4730; x_wconf 91' lang='lat' dir='ltr'><strong>de</strong></span> <span class='ocrx_word' id='word_1_312' title='bbox 1251 4680 1321 4752; x_wconf 93' lang='lat' dir='ltr'><strong>quo</strong></span> <span class='ocrx_word' id='word_1_313' title='bbox 1334 4658 1364 4730; x_wconf 90' lang='lat' dir='ltr'><strong>si</strong></span> <span class='ocrx_word' id='word_1_314' title='bbox 1377 4660 1486 4754; x_wconf 81' lang='lat' dir='ltr'><strong>placet</strong></span> <span class='ocrx_word' id='word_1_315' title='bbox 1498 4659 1753 4731; x_wconf 86' lang='lat' dir='ltr'><strong>obtrectationis</strong></span> <span class='ocrx_word' id='word_1_316' title='bbox 1762 4668 1896 4732; x_wconf 87' lang='lat' dir='ltr'><strong>cessent</strong></span> <span class='ocrx_word' id='word_1_317' title='bbox 1906 4659 2001 4731; x_wconf 90' lang='lat' dir='ltr'><strong>oblo-</strong></span> 
     </span>
     <span class='ocr_line' id='line_1_33' title="bbox 595 4779 2001 4879; baseline 0.004 -30"><span class='ocrx_word' id='word_1_318' title='bbox 595 4779 700 4871; x_wconf 89' lang='lat' dir='ltr'><strong>quia,</strong></span> <span class='ocrx_word' id='word_1_319' title='bbox 719 4780 902 4871; x_wconf 90' lang='lat' dir='ltr'><strong>cujuslibet</strong></span> <span class='ocrx_word' id='word_1_320' title='bbox 916 4782 1097 4875; x_wconf 91' lang='lat' dir='ltr'><strong>prudentis</strong></span> <span class='ocrx_word' id='word_1_321' title='bbox 1113 4790 1147 4853; x_wconf 90' lang='lat' dir='ltr'><strong>et</strong></span> <span class='ocrx_word' id='word_1_322' title='bbox 1163 4782 1245 4855; x_wconf 93' lang='lat' dir='ltr'><strong>boni</strong></span> <span class='ocrx_word' id='word_1_323' title='bbox 1268 4782 1431 4879; x_wconf 89' lang='lat' dir='ltr'><strong>principis</strong></span> <span class='ocrx_word' id='word_1_324' title='bbox 1448 4784 1602 4857; x_wconf 89' lang='lat' dir='ltr'><strong>moribus</strong></span> <span class='ocrx_word' id='word_1_325' title='bbox 1621 4784 1777 4875; x_wconf 91' lang='lat' dir='ltr'><strong>inimica,</strong></span> <span class='ocrx_word' id='word_1_326' title='bbox 1800 4782 1861 4878; x_wconf 90' lang='lat' dir='ltr'><strong>qui</strong></span> <span class='ocrx_word' id='word_1_327' title='bbox 1880 4782 2001 4875; x_wconf 73' lang='lat' dir='ltr'><strong>ricius</strong></span> 
     </span>
     <span class='ocr_line' id='line_1_34' title="bbox 594 4903 2001 5005; baseline 0.001 -28"><span class='ocrx_word' id='word_1_328' title='bbox 594 4925 697 4977; x_wconf 89' lang='lat' dir='ltr'><strong>suum</strong></span> <span class='ocrx_word' id='word_1_329' title='bbox 721 4903 868 4978; x_wconf 89' lang='lat' dir='ltr'><strong>discrete</strong></span> <span class='ocrx_word' id='word_1_330' title='bbox 888 4906 1106 5001; x_wconf 89' lang='lat' dir='ltr'><strong>prosequitur</strong></span> <span class='ocrx_word' id='word_1_331' title='bbox 1127 4906 1224 5002; x_wconf 92' lang='lat' dir='ltr'><strong>quod</strong></span> <span class='ocrx_word' id='word_1_332' title='bbox 1248 4907 1284 4979; x_wconf 97' lang='lat' dir='ltr'><strong>in</strong></span> <span class='ocrx_word' id='word_1_333' title='bbox 1302 4908 1444 4999; x_wconf 90' lang='lat' dir='ltr'><strong>nullius,</strong></span> <span class='ocrx_word' id='word_1_334' title='bbox 1461 4910 1638 5005; x_wconf 86' lang='lat' dir='ltr'><strong>presertim</strong></span> <span class='ocrx_word' id='word_1_335' title='bbox 1661 4908 1813 4982; x_wconf 88' lang='lat' dir='ltr'><strong>timentis</strong></span> <span class='ocrx_word' id='word_1_336' title='bbox 1835 4909 1946 4983; x_wconf 85' lang='lat' dir='ltr'><strong>Deum</strong></span> <span class='ocrx_word' id='word_1_337' title='bbox 1967 4916 2001 4981; x_wconf 88' lang='lat' dir='ltr'><strong>et</strong></span> 
     </span>
    </p>
   </div>
   <div class='ocr_carea' id='block_1_3' title="bbox 0 0 2434 6357">
    <p class='ocr_par' dir='ltr' id='par_1_3' title="bbox 0 0 2434 6357">
     <span class='ocr_line' id='line_1_35' title="bbox 0 0 2434 6357; baseline 0 0"><span class='ocrx_word' id='word_1_338' title='bbox 0 0 2434 6357; x_wconf 95' lang='lat' dir='ltr'><strong> </strong></span> 
     </span>
    </p>
   </div>
  </div>
 </body>
</html>
