4859 6359
1077 784 1293 849 rnrnnarcr
1316 780 1489 845 sscnnnr
1793 776 1981 857 [mimo.

405 1352 519 1448 ¹3¹3?
630 1351 867 1461 Fridericus,
895 1354 1155 1437 Romanorum
1186 1353 1406 1461 imperator,
1434 1350 1587 1433 ildrim
1613 1348 1788 1459 episcopo
1814 1348 1981 1431 Triden-

395 1456 528 1565 lidda.
577 1484 658 1567 tino
675 1484 856 1595 praecipit
874 1485 947 1568 sub
967 1510 1091 1595 poena
1113 1484 1257 1595 gratiae
1279 1509 1370 1567 suae
1396 1508 1444 1567 nc
1468 1482 1614 1593 aliquid
1631 1481 1680 1565 de
1700 1478 1812 1563 bonis
1829 1482 1981 1589 episeo-

576 1625 689 1725 patus
710 1632 778 1725 per
794 1616 1110 1725 infeodationem,
1129 1616 1433 1728 pignerationem
1451 1640 1519 1699 seu
1536 1614 1666 1725 aliquo
1684 1615 1800 1697 modo
1818 1612 1983 1697 alienare

576 1760 807 1859 praesumat.

660 1961 839 2043 (lididernnt
849 1964 995 2043 nomm,
1007 1962 1122 2027 Notizt'c
1133 1962 1213 2023 istor.
1228 1962 1317 2022 aare.
1332 1962 1390 2022 int.
1403 1958 1438 2021 ol
1447 1956 1601 2041 emptae
1613 1976 1716 2022 aaron.
1729 1958 1761 2021 di
1777 1960 1894 2035 Trento,
1906 1970 1929 2023 t.
1939 1962 1980 2041 11,

698 2066 873 2144 damnanti,
888 2079 922 2130 n⁰
935 2078 990 2144 st,
1005 2087 1036 2146 p.
1052 2079 1123 2142 ott,
1146 2086 1185 2131 cx
1203 2066 1372 2129 authentico
1390 2069 1422 2127 ln
1439 2066 1520 2129 meh.
1541 2069 1629 2129 castd
1645 2067 1818 2128 Tridentini.
1837 2098 1878 2113 -
1893 2068 1982 2129 lion·

698 2192 796 2253 nn,
811 2177 912 2255 chtr.
926 2192 983 2236 zor
996 2173 1096 2235 Garat.
1115 2170 1225 2245 lireio,
1239 2181 1263 2235 t.
1278 2175 1325 2244 ll,
1337 2188 1369 2250 p.
1385 2182 1498 2234 art·
1510 2174 1679 2248 Roman,
1698 2172 1794 2234 oms.
1807 2190 1862 2234 oon
1878 2170 1982 2254 red,

698 2289 723 2343 t.
738 2282 765 2358 i,
778 2299 810 2359 p.
826 2291 897 2345 2⁰8.
910 2283 1070 2355 -Vmor,
1084 2282 1166 2345 διον.
1180 2278 1254 2363 deal.
1269 2276 1408 2352 Redin,
1422 2285 1446 2339 t.
1461 2280 1517 2354 ΠΙ,
1532 2296 1563 2357 p.
1580 2286 1649 2357 too,
1663 2290 1696 2340 n·
1709 2280 1823 2355 oxu)

628 2470 730 2545 Anno
744 2472 881 2543 Domini
895 2470 1134 2559 dccxxxvi,
1151 2469 1339 2543 indictione
1357 2468 1459 2558 Villi,
1471 2467 1529 2541 die
1542 2468 1659 2540 martis
1674 2468 1737 2541 Xli
1754 2470 1901 2542 intrante
1917 2492 1981 2544 an·

578 2605 700 2691 gusto,
726 2595 763 2666 in
781 2616 904 2691 campo
926 2595 1049 2669 martio
1073 2595 1139 2667 sito
1166 2592 1263 2690 apud
1286 2592 1458 2666 civitatem
1477 2592 1630 2665 Tridenti
1655 2590 1722 2687 (l),
1749 2592 1785 2663 in
1810 2596 1983 2688 presentia

580 2720 798 2794 dominorum
824 2718 957 2791 comitis
981 2716 1129 2791 Gebardi
1153 2718 1197 2789 de
1221 2716 1440 2805 Hernestain,
1465 2714 1616 2787 Eecelini
1648 2718 1711 2805 [et]
1739 2714 1891 2789 Alberici
1914 2719 1981 2791 ira·

577 2854 668 2914 trum
686 2841 731 2914 de
752 2842 924 2932 Romano,
948 2838 1125 2937 Adelpreti
1142 2838 1278 2911 comitis
1299 2838 1344 2911 de
1368 2836 1524 2933 Tyrolio,
1545 2838 1677 2910 Nicolai
1694 2836 1739 2910 de
1758 2838 1899 2933 Ultimo,
1918 2842 1982 2913 Το-

576 2965 650 3038 relli
675 2965 721 3039 de
742 2964 867 3060 Papia,
890 2964 1039 3038 Olderici
1063 2964 1245 3058 Pellegrini
1272 2962 1318 3035 de
1343 2960 1551 3052 Rambaido,
1575 2960 1762 3034 Arohiboni
1789 2961 1912 3036 Zachei
1938 2964 1983 3037 de

576 3092 700 3172 Dosse,
715 3088 842 3163 Mathai
855 3090 977 3162 notarii
994 3089 1214 3185 pluriumque
1232 3088 1368 3161 testium
1389 3086 1527 3181 ibique,
1552 3084 1715 3159 dominns
1736 3087 1982 3159 invictissimus

578 3212 787 3303 Friderieus,
816 3214 878 3285 Dei
905 3212 1015 3306 gratia
1040 3212 1269 3284 Romanorum
1297 3210 1485 3305 imperator
1510 3230 1645 3305 semper
1669 3220 1857 3304 angustus,
1884 3212 1982 3284 Jeru-

579 3336 686 3409 salem
702 3344 737 3406 et
751 3334 866 3407 Sicilie
890 3356 966 3424 rex,
986 3335 1139 3429 precepit
1155 3332 1296 3406 domino
1312 3332 1453 3405 Aldrico
1473 3332 1537 3403 Dei
1559 3332 1668 3425 gratia
1689 3332 1889 3405 Tridentino
1908 3334 1982 3429 epi·

579 3479 683 3553 scopo
696 3458 845 3552 presenti
861 3467 895 3529 et
912 3458 948 3527 in
962 3478 1052 3551 pena
1067 3449 1135 3528 sne
1146 3454 1256 3551 gratie
1273 3465 1307 3527 et
1325 3475 1388 3551 pro
1407 3453 1570 3528 fidelitate
1584 3478 1654 3549 qua
1672 3455 1705 3527 ei
1724 3465 1872 3546 tenetur,
1887 3458 1981 3552 qnod

579 3583 654 3677 ipse
673 3582 835 3655 dominus
853 3581 1036 3676 episcopus
1054 3602 1114 3674 per
1137 3602 1175 3653 se
1196 3600 1262 3652 nec
1286 3600 1349 3675 per
1369 3580 1520 3674 aliquam
1546 3578 1779 3675 interpositam
1803 3602 1983 3675 personam

579 3705 705 3781 debeat
723 3704 913 3795 infeodare,
935 3704 1073 3799 pignori
1093 3704 1246 3797 obligare
1268 3724 1332 3776 nee
1347 3702 1464 3799 aliquo
1486 3702 1591 3775 modo
1611 3702 1761 3775 alienare
1779 3704 1847 3777 sub
1868 3706 1984 3801 aliqua

581 3830 759 3903 occasione
771 3851 836 3902 nec
852 3830 918 3900 snb
935 3829 1051 3923 aliqua
1070 3828 1186 3923 specie
1199 3826 1333 3923 aliquid
1351 3826 1396 3900 de
1415 3828 1516 3901 bonis
1537 3826 1592 3899 sni
1612 3828 1827 3923 episcopatus
1842 3828 1984 3903 Triden-

581 3954 662 4044 tini;
686 3962 721 4025 et
744 3953 773 4025 si
799 3954 930 4047 aliquid
956 3954 1038 4028 inde
1063 3954 1197 4043 iecerit,
1220 3952 1486 4044 obligationem,
1512 3952 1796 4043 infeodationem,
1820 3954 1982 4047 pignora-

583 4076 709 4148 tionem
723 4097 784 4149 sen
798 4076 951 4169 aliquam
963 4075 1204 4150 alienationem
1218 4076 1328 4171 ipsam
1342 4087 1377 4149 et
1390 4074 1482 4170 ipsas
1495 4074 1569 4170 ipse
1582 4076 1743 4149 dominus
1755 4077 1983 4151 Romanorum

581 4201 765 4295 imperator
779 4200 917 4295 penitus
932 4200 1094 4287 cassavit,
1113 4198 1258 4272 irritavit
1272 4208 1307 4271 et
1323 4200 1434 4271 nullas
1449 4219 1526 4271 esse
1540 4200 1786 4293 pronuntiavit.

633 4322 853 4421 (chrismon.)
871 4323 944 4416 Ego
962 4322 1109 4395 Obertus
1129 4321 1175 4395 de
1188 4320 1378 4413 Placentia,
1399 4321 1551 4396 notarius
1573 4322 1660 4395 sacri
1681 4324 1812 4419 palatii,
1833 4324 1914 4399 hnic
1929 4326 1983 4398 in·

580 4448 683 4521 tersui
698 4455 733 4519 et
749 4446 883 4541 scripsi.
902 4447 1021 4539 (Locro
1037 4443 1157 4539 sipni.)

619 4706 653 4777 (t)
674 4724 688 4757 ι
707 4704 737 4760 in
754 4703 893 4759 vicinanza
910 4702 980 4759 della
995 4700 1061 4759 oltti
1074 4701 1145 4758 dalla
1161 4706 1239 4775 parte
1257 4700 1428 4759 meridionale
1441 4716 1520 4759 verso
1535 4702 1640 4761 Verona
1654 4720 1703 4777 per
1719 4705 1762 4762 cui
1773 4712 1985 4781 presentsmente

583 4803 611 4860 di
622 4808 742 4859 traverso
755 4814 835 4873 passa
849 4800 874 4856 la
889 4800 1009 4856 Porsina.
1023 4820 1037 4850 s
1050 4800 1092 4856 lta
1103 4798 1200 4871 legitur
1215 4798 1244 4853 ln
1257 4804 1321 4854 nota
1334 4808 1378 4871 sp.
1393 4798 1494 4855 Bonefli
1513 4798 1613 4855 sts'dsm
1630 4800 1745 4875 inserta,
1757 4802 1803 4861 nbi
1820 4818 1985 4866 commemo.

583 4904 678 4958 mntnr
687 4897 764 4971 plnra
778 4896 829 4953 alia
841 4897 999 4954 documenta
1008 4897 1079 4971 apnd
1091 4912 1160 4970 qnae
1170 4895 1205 4953 do
1218 4894 1271 4953 hoo
1283 4894 1383 4969 Campo
1397 4895 1494 4954 Martio
1501 4897 1602 4955 mentio
1616 4896 1655 4955 iit.
