4859 6359
353 872 451 931 lucrer.
470 862 512 949 6.]
801 858 998 920 HISTORIA
1023 859 1318 925 blatounrlclt.
1705 854 1766 917 587

354 1024 427 1076 sam
442 1008 592 1073 nostram
607 1016 645 1069 sa
657 994 809 1091 graviter
824 992 1007 1067 incurrisse
1021 994 1107 1067 sciat
1119 996 1330 1090 presentium
1346 991 1541 1067 testimonio
1556 992 1758 1063 litterarum.

401 1127 525 1198 Datum
544 1120 641 1217 apud
660 1120 813 1215 Spicum,
832 1138 924 1191 anno
940 1116 1111 1193 dominice
1132 1120 1376 1193 incarnationis
1393 1118 1575 1190 millesimo
1593 1113 1762 1189 ducente-

352 1249 441 1324 simo
457 1246 632 1338 trigesimo
648 1240 813 1333 secundo,
833 1240 946 1337 pridie
959 1242 1120 1316 calendas
1140 1244 1301 1338 octobris,
1321 1242 1508 1317 indictione
1526 1249 1638 1315 sexta.

575 1528 1535 1544 pm—-n-——n-—m———u-——n—-n--n-—n-

404 1808 611 1915 Henricus,
649 1808 911 1893 Romanorum
946 1836 1037 1916 cen,
1074 1820 1198 1892 ratam
1234 1808 1350 1891 babet
1383 1808 1613 1917 emptionem
1652 1807 1764 1889 sillae

238 2016 243 2027 ,
353 1941 646 2025 Winmotsheim
666 1939 908 2053 (Wimbsen)
927 1968 1046 2053 quam
1068 1942 1269 2025 Gozwinus
1291 1940 1412 2024 ebbae
1433 1950 1472 2023 et
1492 1950 1699 2025 conventus
1716 1941 1764 2023 de

350 2074 577 2159 Maulbroun
597 2102 620 2157 a
639 2075 833 2160 Gotcfrido
855 2076 992 2159 comite
1009 2078 1058 2159 de
1075 2075 1286 2185 Vaihingen
1311 2082 1645 2184 comparauerant,
1665 2098 1763 2181 pro-

351 2206 541 2317 mittitque
562 2208 667 2318 quod
695 2210 931 2293 advocatiam
949 2210 1071 2293 uillae
1102 2207 1273 2318 ejusdem
1300 2234 1501 2319 nunquam
1529 2208 1578 2292 ab
1604 2206 1764 2316 imperio

352 2339 544 2423 alienabit.

433 2554 527 2633 (Edll.
544 2572 593 2633 ap.
609 2556 740 2629 Basonn,
755 2558 871 2618 Doceat
887 2554 981 2619 radio.
996 2562 1151 2619 awocttrr.
1173 2556 1372 2639 ltstrtemoerq.
1379 2562 1425 2633 ,t
1443 2556 1470 2636 1,
1484 2572 1516 2634 p.
1531 2553 1617 2636 496.)

399 2743 579 2817 Heinricns
608 2744 797 2839 septimus,
835 2743 957 2818 divina
987 2746 1127 2818 favente
1164 2746 1344 2819 elementia
1372 2745 1602 2817 llomanoram
1636 2764 1700 2817 rex
1731 2753 1766 2817 et

352 2888 485 2961 semper
507 2876 695 2963 augustus,
715 2868 889 2942 universis
912 2868 1048 2963 imperii
1074 2867 1236 2943 fidelibus
1256 2870 1293 2941 in
1310 2879 1529 2963 perpetuum.
1549 2868 1594 2939 Ut
1610 2866 1658 2939 ad
1684 2888 1764 2940 nos-

351 3000 420 3063 tros
436 3012 654 3087 successores
676 2991 879 3089 perveniant
901 2989 999 3063 firma
1019 3012 1061 3065 ea
1077 3012 1146 3086 qne
1165 3012 1281 3063 coram
1300 2991 1400 3063 nobis
1419 2991 1608 3063 litterarum
1625 2989 1764 3063 indiciis

352 3113 519 3187 duximus
541 3115 766 3211 perbennari,
795 3114 841 3189 ad
867 3117 1027 3189 notitiam
1056 3117 1161 3211 igitur
1185 3125 1256 3187 tam
1280 3114 1523 3188 modemcrum
1540 3136 1647 3210 quam
1671 3116 1764 3187 lutu-

350 3259 466 3312 mrnm
484 3240 647 3313 volamus
668 3242 848 3335 pervenire
862 3240 959 3339 quod
973 3240 1160 3317 Gozwinns
1181 3239 1292 3312 abbas
1315 3247 1351 3313 et
1368 3247 1560 3316 conventas
1573 3238 1620 3312 de
1632 3239 1763 3313 Malen-

349 3360 438 3435 bmn
457 3364 550 3457 inste
571 3373 607 3437 et
629 3365 878 3441 rationabiliter
901 3367 1174 3463 comparaverint
1193 3365 1311 3439 villam
1332 3362 1598 3439 Winmolabeim
1619 3384 1681 3460 pro
1704 3385 1763 3437 co·

349 3486 432 3559 mite
449 3486 607 3563 Gotlrido
620 3487 667 3563 dc
683 3489 863 3585 Vehingen
876 3490 1107 3567 etheredibas
1121 3490 1206 3582 suis,
1224 3511 1303 3563 cnm
1313 3490 1471 3583 ecclesia,
1488 3511 1567 3563 cam
1582 3487 1764 3589 advocatia

350 3618 384 3685 ct
396 3612 503 3705 agris,
520 3612 671 3709 pascuis,
687 3614 788 3709 aquis
802 3624 837 3689 et
853 3638 1023 3711 aquarum
1037 3614 1242 3689 decursibus
1259 3614 1403 3708 stagnis
1420 3622 1492 3688 tam
1506 3613 1643 3689 incultis
1656 3636 1763 3709 qnam

350 3736 469 3829 cultis,
495 3756 577 3809 cum
601 3738 765 3813 omnibns
790 3740 1019 3837 appenditiis;
1047 3740 1172 3837 stipsi
1197 3738 1387 3813 venditioni
1412 3748 1448 3813 et
1473 3739 1639 3836 emptioni
1663 3738 1764 3815 adbi-

348 3857 487 3933 buimus
507 3882 632 3935 manus
653 3872 786 3937 nostras
809 3874 844 3939 et
869 3873 987 3939 tenore
1008 3865 1219 3961 presentium
1242 3864 1311 3960 ipsi
1332 3862 1475 3938 ecclesie
1496 3864 1534 3937 in
1555 3874 1761 3961 perpetuum

350 3980 764 4081 mnfirmanns.1ltqnia
788 3988 903 4061 totalis
922 3988 1115 4063 advocatus
1139 4010 1262 4063 sumus
1283 3988 1430 4062 ecclesie
1451 3997 1653 4082 memorate,
1678 4011 1761 4087 pro·

348 4106 516 4179 mittimus
544 4117 583 4181 ut
613 4108 832 4185 advocatiam
866 4112 948 4186 ville
977 4121 1154 4209 pretaxate
1184 4134 1205 4187 a
1230 4112 1331 4186 nobis
1353 4121 1389 4187 et
1412 4112 1557 4208 imperio
1582 4135 1761 4209 nunqnam

348 4228 537 4303 alienemus
557 4252 619 4327 per
634 4232 878 4329 obligationem
905 4238 961 4311 vel
978 4238 1213 4312 venditionem
1238 4239 1295 4312 vel
1322 4237 1602 4332 infamationem,
1625 4248 1660 4313 et
1675 4240 1706 4311 si
1720 4240 1758 4311 in

349 4354 556 4427 contrarium
577 4356 761 4433 fecerimus
777 4362 1010 4456 immemores,
1030 4362 1248 4439 decernimus
1265 4362 1372 4437 nicbil
1388 4384 1478 4437 esse.

394 4479 511 4551 Testes
534 4489 615 4553 sunt
637 4482 686 4555 bii
706 4510 715 4554 :
739 4484 951 4561 Ludewiens
977 4508 1092 4561 comes
1115 4488 1160 4561 de
1185 4487 1374 4579 llieneckc,
1399 4487 1584 4559 Anselmus
1605 4485 1651 4561 de
1673 4488 1757 4561 Jus-

347 4598 484 4692 tingen,
508 4601 549 4674 ll.
571 4600 707 4700 dapifer
730 4606 774 4683 de
794 4610 983 4707 Waldpurc
1012 4621 1046 4684 et
1067 4611 1104 4683 C.
1132 4611 1295 4707 pincerna
1319 4610 1365 4684 de
1391 4610 1650 4703 Winterateten,
1672 4612 1758 4683 Wil-

346 4720 514 4797 lehelmus
532 4724 578 4799 de
596 4727 785 4824 Wimpina,
806 4742 841 4805 et
860 4736 919 4807 alii
937 4737 1170 4831 quamplures.
1602 4800 1606 4807 .

393 4845 519 4921 Actum
539 4850 634 4947 apud
652 4854 880 4951 Wimpinam,
901 4880 992 4932 anno
1015 4860 1061 4932 ab
1079 4860 1313 4933 incarnatione
1328 4858 1467 4931 Domini
1486 4858 1668 4934 millesimo
1690 4860 1756 4936 du·

348 4970 533 5044 centesimo
549 4973 721 5051 tricesimo
738 4979 905 5069 mundo,
926 4983 970 5053 Vl
987 5004 1095 5057 nonas
1112 4984 1274 5077 octobris,
1291 4983 1480 5059 indictione
1495 4993 1608 5058 sexta.
