4859 6359
626 732 687 794 562
1146 726 1319 789 uuuutct
1342 725 1512 788 surum!
1842 724 1923 804 [Aut.
1942 724 2030 787 1232.

673 863 870 955 Heinricns,
889 862 951 935 Dei
974 862 1084 958 gratia
1104 863 1341 936 Romanorum
1361 881 1428 935 rex
1447 870 1483 934 et
1504 880 1642 957 semper
1663 866 1852 955 numus,
1871 858 2034 934 fidelibus

624 987 698 1061 suis
716 986 868 1062 scultetis
881 994 916 1059 et
933 988 1105 1061 universis
1123 987 1260 1061 civibus
1277 986 1322 1060 de
1334 985 1563 1081 Frankiniort,
1581 983 1835 1081 deWeptlaria,
1855 982 1901 1061 de
1914 984 2034 1059 Fride·

625 1112 711 1205 berg
729 1120 763 1184 et
781 1108 827 1183 de
846 1110 1068 1185 Geilinhusen
1086 1112 1232 1208 gratiam
1254 1131 1354 1184 suam
1374 1118 1409 1183 et
1430 1130 1532 1182 omne
1552 1108 1695 1181 bunum.
1716 1108 1949 1182 Comtantiam
1968 1107 2036 1185 de-

623 1235 777 1308 votionis
796 1244 909 1309 vestre
931 1244 966 1308 et
982 1236 1151 1310 servorem
1170 1233 1252 1309 fidei
1268 1255 1373 1331 quam
1392 1232 1500 1306 multu
1514 1230 1588 1326 jam
1606 1255 1670 1332 per
1687 1241 1844 1331 tempora
1859 1231 1950 1307 circa
1973 1253 2036 1306 nus

625 1368 660 1433 et
676 1358 858 1459 imperinm
872 1358 1040 1437 habuistis
1057 1360 1238 1434 salubriter
1259 1358 1490 1448 advertentes,
1509 1357 1612 1433 talem
1629 1356 1730 1430 vobis
1747 1356 1871 1431 damus
1889 1356 2035 1453 gratiam

624 1490 659 1557 et
682 1483 903 1557 concedimus
929 1484 1122 1558 libertatem
1144 1492 1183 1557 ut
1208 1505 1388 1578 nunqnam
1413 1482 1565 1578 aliquem
1587 1489 1741 1557 vestrum
1766 1502 1955 1579 pauperem
1979 1480 2037 1554 rel

624 1604 768 1680 divitem
787 1630 952 1705 cogamus
977 1618 1038 1683 aut
1059 1616 1231 1682 arctemus
1251 1606 1355 1681 filiam
1380 1608 1438 1681 uel
1462 1614 1603 1703 neptem
1623 1628 1724 1679 suam
1747 1604 1853 1678 alicui
1870 1600 1917 1678 de
1940 1603 2037 1679 curia

624 1739 739 1804 nostra
770 1754 831 1805 sen
862 1740 961 1806 extra
996 1732 1126 1807 curiam
1153 1740 1305 1807 nostram
1334 1731 1498 1827 copulare
1526 1737 1588 1803 aut
1617 1726 1753 1803 tradere
1778 1727 1970 1821 legitimam
1999 1726 2036 1800 iu

624 1878 781 1930 uxorem.
800 1858 843 1929 Et
861 1857 898 1929 iu
923 1858 1073 1954 presenti
1095 1856 1202 1930 filium
1225 1855 1337 1930 fidelis
1359 1854 1466 1929 nostri
1488 1852 1655 1929 Iohannis
1676 1851 1839 1926 Goltstein
1864 1850 1910 1926 de
1926 1851 2036 1924 Fran·

625 1978 760 2052 kentert
781 2000 802 2052 a
825 1980 1000 2055 coactione
1026 2002 1131 2077 qnam
1156 1980 1395 2077 inceperamns
1416 2001 1481 2075 pro
1503 1978 1545 2051 R.
1565 1998 1668 2051 servo
1694 1985 1812 2051 nostro
1833 1974 2037 2049 dimittimus

626 2101 838 2195 absolutam
864 2104 1018 2178 nolentes
1042 2104 1206 2209 deinceps
1232 2105 1381 2199 aliquem
1409 2103 1524 2176 civem
1549 2110 1705 2177 vestrum
1731 2100 1779 2175 ad
1803 2100 1883 2173 talia
1914 2118 2038 2193 cogere

627 2226 684 2298 vel
708 2235 836 2319 artare,
864 2226 928 2301 sed
950 2236 1116 2323 qnantum
1139 2249 1320 2325 possumus
1345 2247 1407 2323 per
1433 2226 1624 2323 simplicem
1648 2226 1847 2323 petitionem
1872 2224 2038 2321 prolicere

629 2349 807 2442 iaciemus,
832 2351 927 2423 nulla
945 2361 1059 2425 tamen
1082 2352 1172 2425 mala
1198 2351 1355 2426 adhibita
1375 2350 1564 2424 voluntate.
1585 2348 1643 2424 Ad
1658 2351 1759 2443 cujus
1775 2350 1893 2443 itaque
1909 2348 1991 2421 facti
2006 2358 2040 2421 et

628 2473 737 2563 gratie
758 2469 875 2548 nostre
898 2476 1076 2549 certiorem
1100 2474 1329 2569 evidentiam,
1352 2498 1494 2573 presens
1523 2474 1653 2550 exinde
1675 2475 1840 2571 scriptum
1867 2471 1942 2547 fieri
1963 2474 2041 2567 jus-

627 2596 737 2669 simus
753 2606 788 2670 et
804 2598 907 2693 sigilli
927 2600 1033 2671 nostri
1049 2600 1241 2673 munimine
1257 2600 1423 2675 roborari.

677 2720 802 2794 Datum
822 2722 918 2819 apud
935 2724 1164 2817 Nuremberc,
1183 2746 1275 2798 anno
1294 2723 1468 2800 dominice
1484 2724 1731 2801 incarnationis
1747 2724 1797 2797 Μ·
1807 2722 1870 2797 CO
1880 2722 2037 2812 XXXIX,

628 2842 735 2918 XVlll
751 2846 916 2922 kalendas
931 2848 1108 2937 februarii,
1127 2848 1314 2923 indictione
1326 2848 1370 2922 V.

868 3182 962 3193 .—

518 3538 532 3569 .ι
682 3482 885 3593 demicus,
904 3484 1164 3569 Romanorum
1181 3512 1269 3593 rex,
1288 3487 1475 3571 uniuersis
1500 3487 1756 3598 burgensibus
1771 3490 1821 3572 de
1838 3489 2041 3575 Gelnheu-

489 3592 509 3677 ἶ
517 3645 543 3677 ru
566 3590 594 3677 ”3
633 3640 700 3698 sen
727 3617 912 3727 promittit
938 3620 1043 3729 quod
1069 3646 1270 3731 nunquam
1297 3620 1502 3733 abaliquo
1528 3647 1661 3706 eornm
1686 3622 1811 3734 exiget
1835 3633 1880 3707 ut
1904 3645 1975 3733 pru
2001 3650 2042 3707 se

632 3747 828 3859 recolligat
844 3776 1027 3860 expensas
1045 3752 1185 3862 quibus
1202 3752 1284 3863 ipse
1300 3753 1354 3837 ibi
1371 3780 1529 3838 oausam
1545 3754 1710 3863 dederit,
1729 3756 1797 3839 sed
1814 3756 1920 3866 quod
1936 3754 2044 3865 ejus-

634 3882 723 3966 dem
739 3882 814 3967 loci
832 3883 1013 3968 scultetus
1031 3884 1104 3970 hou
1121 3886 1224 3970 idem
1238 3885 1362 3971 fucere
1379 3888 1528 3973 debeat.

716 4122 884 4205 (Memorat.
900 4140 946 4205 ap.
960 4126 1124 4202 Borma,
1138 4127 1253 4211 uacat
1266 4128 1381 4212 cuper..
1400 4146 1431 4209 p.
1448 4138 1519 4207 ²4⁰,
1541 4138 1577 4191 n·
1587 4138 1659 4206 2⁵0,
1671 4146 1712 4191 ex
1729 4132 1814 4209 copta
1835 4130 1926 4193 secuit
1947 4132 2046 4209 quart

756 4230 863 4293 declmt
872 4232 953 4313 apud
966 4231 1177 4315 eutulanum.)

684 4444 808 4517 Datum
829 4444 924 4541 apud
942 4444 1168 4539 Geilnhnsen,
1187 4468 1279 4521 anno
1301 4402 1474 4524 dominice
1496 4449 1741 4525 incarnationis
1764 4448 1812 4524 Μ.
1827 4446 1888 4523 CC.
1904 4446 2042 4537 XXXII,

635 4568 669 4642 X
685 4568 850 4644 kalendas
865 4570 991 4661 martii,
1011 4570 1198 4646 indictione
1213 4572 1257 4646 V.
