4859 6359
643 766 705 827 912
1142 762 1355 825 releuaret
1383 760 1556 822 secutum
1864 766 1945 846 [tias.
1964 768 2050 832 12³6.

641 902 734 992 juste
759 906 918 973 verentes
944 898 1194 994 neutriusque
1221 895 1365 993 perfidia
1395 895 1517 971 fideles
1550 894 1706 971 inficeret
1728 910 1901 975 contactu.
1926 904 2049 978 Eccle-

644 1024 773 1096 siarum
786 1031 901 1095 tamen
918 1044 1058 1095 suarum
1072 1020 1311 1117 proventibus,
1327 1031 1429 1116 prout
1446 1020 1481 1091 in
1498 1020 1660 1116 episeopo
1672 1025 1873 1118 supradicto
1886 1037 2051 1103 statutum

645 1148 760 1218 extitit
779 1146 874 1241 apud
889 1147 1020 1219 Fanum
1044 1154 1080 1218 et
1098 1168 1162 1241 per
1177 1146 1408 1219 venerabitem
1432 1145 1634 1237 magistrum
1658 1145 1783 1229 domus
1806 1151 1931 1221 Sancte
1948 1153 2053 1224 Maris

646 1270 933 1343 'theutonicorum
948 1269 1153 1343 officialibus
1167 1270 1295 1342 nostris
1315 1269 1522 1361 injunctum,
1540 1269 1633 1363 ipsos
1655 1270 1750 1343 nullo
1773 1272 1877 1346 modo
1893 1274 2053 1347 volumus

645 1394 855 1468 defrandari.
877 1396 1047 1489 Reputare
1067 1402 1221 1489 preterea
1239 1414 1308 1465 non
1325 1391 1460 1465 debetis
1475 1392 1667 1465 absurdum
1684 1392 1714 1465 si
1731 1396 1880 1469 nemrios
1897 1398 2054 1491 publicos

646 1520 827 1615 episcopos
847 1521 961 1591 faeere
982 1529 1098 1592 nostra
1114 1519 1311 1591 constitutio
1330 1538 1398 1591 non
1421 1516 1601 1611 permittit,
1622 1538 1702 1589 eum
1727 1540 1748 1590 a
1777 1520 1877 1592 nobis
1900 1528 2055 1593 tantum-

646 1640 751 1713 modo
767 1640 906 1736 pubiiea
925 1640 1074 1713 debeant
1097 1640 1211 1714 officia
1228 1640 1412 1736 postulari,
1430 1639 1466 1709 in
1488 1659 1594 1733 quem
1615 1640 1691 1733 lege
1715 1641 1810 1733 regia
1834 1642 1970 1736 prodita
1984 1645 2053 1716 lto·

647 1787 772 1838 manus
791 1766 942 1860 populus
956 1765 1168 1837 auctoritatis
1190 1774 1226 1837 et
1241 1764 1372 1857 justitie
1386 1760 1524 1859 pubiiee
1538 1764 1682 1835 eontulit
1695 1772 1909 1858 potestatem.
1926 1766 2054 1841 tudens

647 1899 783 1977 autem,
809 1891 872 1961 etsi
899 1900 969 1961 tam
993 1889 1029 1959 in
1053 1889 1197 1983 imperio
1214 1910 1320 1983 quam
1344 1889 1379 1959 in
1397 1908 1504 1982 regno
1520 1888 1622 1960 nobis
1638 1890 1811 1961 communi
1829 1891 1910 1981 jure
1932 1888 2052 1965 imme·

648 2012 741 2086 diate
762 2012 978 2105 subjaceant,
1000 2033 1021 2083 a
1040 2013 1134 2083 uuita
1160 2022 1276 2083 tamen
1297 2011 1440 2084 eeclesia
1464 2012 1540 2083 illos
1567 2012 1772 2084 abstulimus
1788 2034 1858 2107 que
1875 2035 1981 2108 super
2003 2016 2054 2087 eis

643 2139 702 2229 jus
719 2136 867 2231 speciale
882 2135 1111 2231 pretenderet,
1124 2134 1221 2228 quod
1239 2134 1413 2207 communi
1421 2134 1491 2226 juri
1505 2144 1622 2208 nostro
1634 2136 1755 2209 merito
1768 2138 2049 2233 preferretur-(a).

647 2264 758 2356 Super
783 2270 909 2356 nepote
932 2280 1017 2331 vero
1044 2260 1136 2353 regis
1162 2258 1280 2331 Tunisi
1308 2258 1480 2353 captivato
1513 2260 1757 2333 conscientiam
1791 2269 1940 2335 vestram
1972 2264 2055 2335 satis

646 2393 762 2457 nostre
785 2384 976 2456 serenitatis
998 2383 1140 2476 epistota
1162 2383 1329 2478 premissa
1355 2382 1533 2476 perdocuit
1549 2382 1622 2477 (t);
1643 2382 1707 2456 sed
1730 2384 1760 2455 si
1782 2384 1882 2457 vobis
1902 2385 1948 2456 ad
1975 2408 2054 2479 pre-

646 2530 726 2581 sens
744 2509 952 2579 contrarium
972 2506 1152 2595 suadetur,
1175 2505 1339 2579 videlicet
1361 2505 1457 2599 quod
1484 2516 1596 2600 preter
1623 2506 1766 2601 predicti
1785 2508 1876 2601 regis
1890 2508 2054 2581 offensam

645 2634 841 2719 ultroneus,
872 2652 941 2703 non
972 2630 1136 2703 seductus
1164 2630 1212 2703 ad
1239 2632 1468 2725 Apostolicam
1496 2630 1620 2703 Sedem
1647 2632 1827 2705 resederet
1855 2644 2056 2727 recepturus

642 2756 859 2850 baptismatis
873 2762 1136 2846 sacramentum,
1153 2754 1369 2847 inquiremus
1387 2754 1531 2827 libenter
1547 2753 1664 2829 denuo
1676 2756 1857 2829 veritatem
1872 2778 1913 2829 ac
1927 2758 2054 2831 deinde

646 2882 758 2953 taliter
779 2878 1005 2976 procedemus
1031 2878 1127 2973 qued
1144 2880 1181 2950 in
1210 2900 1253 2952 eo
1278 2879 1401 2952 honori
1430 2888 1546 2951 sancte
1568 2880 1720 2952 Romane
1744 2880 1896 2955 Ecclesie
1922 2882 2055 2955 satisfa-

647 3006 779 3077 ciemus
797 3015 831 3077 et
848 3015 975 3077 nostro.
1004 3004 1108 3075 Porro
1127 3002 1225 3096 quod
1246 3024 1267 3075 a
1288 3005 1411 3075 comite
1432 3004 1599 3077 Tolosano
1623 3004 1683 3097 qui
1707 3004 1807 3076 nobis
1827 3014 1862 3077 et
1885 3004 2055 3078 fidelitatis

646 3129 789 3202 vinonio
813 3138 849 3201 et
869 3127 1046 3201 affinitatis
1065 3128 1146 3219 jure
1168 3135 1303 3199 tenetur
1325 3128 1501 3217 astrictus,
1526 3136 1706 3221 propterea
1734 3127 1829 3221 quod
1853 3130 2054 3200 sententiam

648 3252 1016 3325 excommunicationis
1032 3252 1228 3342 incurrerit,
1248 3250 1426 3323 servitium
1439 3250 1596 3323 debitum
1610 3272 1672 3346 pro
1689 3251 1795 3324 feudo
1809 3252 1906 3346 qnod
1925 3252 1971 3325 ab
1992 3253 2056 3323 im·

649 3377 746 3472 perio
767 3386 882 3448 tenere
900 3374 1091 3447 dinoscitur
1114 3373 1258 3447 minime
1282 3374 1515 3468 requiramus,
1540 3394 1610 3445 non
1638 3374 1765 3468 injuste
1789 3376 1890 3447 nobis
1916 3396 2055 3449 cansam

649 3498 886 3573 admirationis
912 3496 1062 3571 adduxit
1086 3498 1183 3593 quod
1208 3518 1270 3593 per
1293 3498 1683 3571 excommunicationem
1705 3500 1838 3572 comitis
1868 3498 2058 3595 supradicti

647 3623 718 3715 juri
739 3632 854 3695 nostro
877 3620 1104 3716 prejudicium
1130 3632 1327 3714 generetur,
1350 3621 1527 3715 presertim
1551 3642 1630 3693 cum
1656 3622 1813 3695 nondum
1841 3623 1886 3694 sit
1909 3644 1970 3718 per
1993 3644 2058 3695 nos

652 3746 698 3819 de
712 3748 877 3819 sententia
901 3746 1095 3841 principum
1119 3744 1224 3817 teudo
1249 3745 1416 3840 privatus.
1442 3745 1485 3817 Et
1508 3746 1560 3818 sic
1581 3746 1811 3818 emolumento
1830 3746 1928 3817 teudi
1949 3768 2056 3841 penes

650 3872 765 3966 ipsum
783 3870 941 3942 comitem
958 3878 1176 3956 remanente,
1193 3890 1303 3962 quare
1322 3878 1460 3963 propter
1483 3868 1873 3942 excommunicationem
1894 3869 2056 3941 immuni-

653 4004 722 4065 tate
738 3993 864 4066 debeat
879 3992 1032 4087 gaudere
1046 3993 1177 4064 servitii
1197 4013 1267 4065 non
1284 3992 1461 4081 videmus,
1484 4013 1564 4063 cum
1583 3992 1950 4065 excommunicationis
1965 4013 2055 4088 pena

650 4117 736 4188 nulli
757 4116 963 4190 beneficium
987 4115 1113 4189 debeat
1132 4116 1359 4187 immunitatis
1379 4116 1513 4187 afferre.
1537 4116 1695 4210 Denique
1711 4116 1805 4210 quod
1828 4138 1890 4213 per
1911 4116 2056 4211 inquisi-

692 4346 734 4428 (α)
754 4348 792 4409 In
803 4348 871 4409 cod.
885 4348 979 4411 Paris.
988 4345 1187 4429 prqsmntor.

1254 4550 1701 4561 —n—-fl—-u--u-n—

689 4690 726 4765 (t)
740 4692 837 4750 Utrum
848 4692 918 4749 haec
929 4693 1040 4766 epistola
1051 4693 1161 4767 papales
1172 4692 1274 4749 litteras
1285 4707 1354 4765 quas
1367 4706 1458 4765 supra,
1470 4708 1498 4766 p.
1511 4694 1572 4763 872,
1584 4692 1729 4763 edidimus,
1738 4698 1859 4765 tempore
1869 4690 2055 4764 praecesserit,

654 4803 689 4845 an
699 4794 793 4862 postea
803 4788 855 4845 sub
865 4789 950 4847 torma
962 4790 1082 4863 impensi
1093 4790 1193 4864 scripta
1206 4789 1299 4861 inerit,
1314 4804 1368 4846 non
1378 4788 1479 4846 scimus
1494 4788 1559 4846 dum
1575 4788 1669 4847 eadem
1686 4789 1798 4863 epistola
1811 4802 1957 4861 nasusque
1970 4786 2057 4845 adhue

651 4887 759 4944 omnino
776 4887 891 4945 latuerit.
