4859 6359
894 797 1021 857 illuni
1043 794 1393 859 uocuuuurolttiii.
1789 792 1850 856 999

435 1108 575 1211 fid-lis
652 1128 741 1205 Apud
821 1160 860 1175 -
878 1127 997 1189 lieouno
1017 1134 1048 1189 et
1065 1126 1195 1203 capitulo
1212 1124 1406 1187 Gustariensis
1425 1120 1563 1181 ccclesiae
1579 1135 1661 1180 66666
1678 1122 1805 1181 civitatis
1818 1127 1849 1181 et

609 1226 785 1304 Altanburg.
859 1242 966 1287 census
979 1226 1150 1287 66666666
1166 1224 1330 1296 coufirmat,
1342 1221 1450 1300 jubens
1463 1226 1498 1281 ut
1512 1222 1536 1280 61
1551 1221 1618 1297 quis
1630 1236 1750 1281 censum
1763 1219 1849 1279 debi-

860 1332 925 1386 tum
938 1326 975 1385 66
988 1328 1065 1386 areis
1076 1343 1138 1386 non
1157 1327 1345 1403 persolverit,
1360 1326 1390 1383 16
1409 1322 1563 1400 6666631666
1580 1320 1688 1382 6611666
1702 1322 1739 1381 ab
1755 1321 1849 1382 advo-

859 1427 927 1482 cato
940 1423 1275 1500 reglocondempnetur.
1790 1426 1849 1478 664

450 1534 559 1611 diuiti.
654 1536 745 1612 Apud
822 1567 862 1580 -
880 1538 1010 1597 iohanni
1028 1536 1129 1598 abbati
1148 1536 1249 1597 Sancti
1266 1535 1384 1614 Georgii
1404 1533 1669 1612 Nuemburgensis,
1690 1534 1728 1594 ad
1748 1550 1848 1609 preces

611 1632 787 1711 Aitenburg.
860 1633 1065 1711 Tbegenbardi
1084 1633 1244 1711 imperialis
1257 1634 1343 1693 66166
1355 1632 1563 1709 protonotarii,
1576 1630 1711 1709 indulget
1723 1630 1848 1691 faculta-

861 1734 921 1788 tem
941 1728 1067 1807 eligendi
1087 1729 1265 1789 advocatum
1282 1744 1371 1806 quem
1388 1728 1515 1787 uoluerit
1532 1732 1561 1786 et
1580 1727 1714 1788 bannum
1736 1730 1849 1804 regium

861 1840 916 1901 pro
929 1826 1031 1885 eadem
1044 1826 1166 1886 ecclesia
1179 1826 1344 1885 exercendi.
1792 1832 1850 1884 665

451 1934 562 2011 diuiti.
657 1933 747 2011 Apud
823 1960 863 1974 -
882 1930 1030 1991 Ecclesiae
1046 1931 1224 1992 (ioslnriensi
1241 1930 1427 2007 privilegium
1440 1946 1460 1989 6
1472 1944 1583 2005 proavo
1596 1946 1650 1990 sno
1663 1929 1849 1991 1616616611

612 2021 791 2110 Alteubnrg.'
861 2030 1037 2105 imperatore
1059 2029 1207 2089 indultum
1233 2028 1403 2101 66666666,
1427 2029 1561 2089 eamdem
1581 2030 1686 2089 eximit
1707 2028 1745 2089 ab
1768 2031 1850 2089 omni

862 2125 1074 2186 advocatorum
1095 2128 1270 2199 vexatione,
1294 2124 1466 2203 diuerseque
1488 2128 1559 2203 jura
1579 2125 1689 2185 ibidem
1711 2142 1850 2202 expressa

862 2221 1001 2281 ecelesiae
1013 2226 1044 2281 et
1059 2223 1209 2281 canonicis
1220 2226 1343 2281 renovat
1355 2222 1401 2283 vel
1415 2223 1560 2283 concedit.
1706 2230 1776 2296 666,
1792 2230 1849 2283 667

447 2330 574 2407 1616111.
655 2329 746 2407 Apud
822 2358 864 2369 -
882 2326 930 2387 Ad
942 2328 1115 2403 petitionem
1128 2326 1270 2386 bernardi
1283 2324 1398 2387 abbatis
1411 2333 1441 2387 66
1453 2333 1616 2389 conventus
1628 2330 1799 2389 monasterii
1814 2328 1852 2389 de

609 2427 786 2508 altenburg.
862 2422 961 2496 Buch,
975 2421 1055 2482 1666
1073 2423 1285 2483 monasterium
1303 2440 1371 2483 cum
1385 2424 1523 2485 omnibus
1541 2424 1627 2485 bunis
1643 2427 1709 2502 ejus
1725 2426 1758 2484 ln
1776 2441 1852 2502 pro-

862 2520 989 2577 tectione
1000 2534 1055 2579 666
1068 2520 1202 2597 suscipit,
1216 2520 1302 2596 eique
1313 2518 1390 2579 boue
1403 2536 1458 2581 sua
1470 2522 1526 2581 6166
1536 2524 1568 2581 iu
1581 2520 1809 2583 llidabuduwitz
1823 2528 1853 2582 ot

862 2614 1007 2692 Kogelant
1017 2614 1105 2691 pleno
1114 2618 1183 2693 Jure
1196 2616 1310 2676 confert
1322 2622 1352 2677 66
1364 2616 1466 2677 dunat.
1794 2630 1852 2681 669

448 2734 481 2785 11
495 2726 574 2804 julii.
604 2723 662 2801 Ap.
676 2723 793 2803 Egram.
823 2751 863 2765 -
882 2720 930 2780 nd
950 2721 1107 2781 utilitatem
1128 2722 1258 2781 cintello
1277 2738 1347 2781 suae
1366 2722 1523 2801 Egreusis,
1538 2726 1697 2785 sectionem
1710 2726 1744 2785 in
1761 2742 1796 2785 ea
1814 2724 1852 2785 de

863 2818 929 2878 vico
942 2817 1125 2896 Schiphgaze
1143 2816 1181 2877 ab
1194 2818 1322 2878 ilenrico
1340 2818 1378 2879 de
1398 2820 1567 2881 Libeustein
1585 2827 1751 2899 comparat,
1769 2828 1800 2883 et
1822 2824 1850 2881 ei

863 2915 981 2975 novalia
993 2917 1026 2973 16
1039 2914 1175 2975 (imaeue
1183 2917 1272 2992 Juxta
1285 2921 1415 2976 moutam
1428 2917 1612 2996 Thiloeibcrg
1625 2919 1712 2980 cedit.
1794 2928 1852 2979 676

449 3034 484 3087 ii
496 3027 575 3105 julii.
603 3027 662 3103 Ap.
673 3024 795 3103 upum.
825 3054 865 3066 -
885 3022 991 3083 Comiii
1002 3022 1134 3098 ligeuoni
1147 3020 1185 3081 66
1196 3020 1325 3100 Friburg
1338 3029 1369 3083 66
1381 3022 1418 3083 66
1429 3023 1528 3085 1166616
1539 3040 1592 3101 pro
1607 3028 1699 3103 gratis
1712 3028 1777 3102 eius
1789 3042 1852 3085 serÎ‡

864 3119 944 3177 vitiis
958 3116 1072 3177 confert
1090 3120 1121 3179 lu
1140 3117 1260 3178 ieodnm
1279 3118 1404 3180 iiumina
1424 3120 1570 3197 quaedam
1591 3122 1701 3181 ibidem
1714 3138 1853 3198 expressa

864 3231 932 3275 cum
946 3216 1018 3276 rivis
1028 3220 1058 3274 et
1070 3217 1220 3276 montanis
1234 3216 1449 3293 adjacentibus,
1461 3217 1570 3295 jubens
1583 3225 1618 3279 66
1630 3218 1776 3297 quidquid
1788 3222 1853 3279 auri

863 3316 973 3377 ibidem
987 3319 1192 3395 inuenerit,ln
1206 3320 1272 3395 ejus
1284 3318 1441 3378 utilitatem
1455 3320 1553 3379 cedat.
1795 3330 1850 3381 671

450 3431 486 3485 16
503 3438 576 3501 eug.
655 3422 747 3499 Apud
824 3423 978 3501 -Super
1003 3424 1055 3483 lite
1080 3426 1157 3484 inter
1181 3424 1335 3485 ecelesiam
1360 3424 1641 3487 Hailsbmnnensem
1675 3431 1706 3485 ei
1731 3426 1851 3485 viduam

610 3520 797 3598 Nurlmberg.
865 3522 1013 3584 cuonradi
1026 3522 1064 3583 de
1077 3523 1239 3598 16166661,
1254 3524 1292 3584 66
1305 3524 1390 3585 bouis
1407 3524 1585 3603 quibusdam
1602 3540 1701 3584 coram
1716 3524 1853 3583 Heinrico

864 3623 1017 3683 661111166
1030 3625 1164 3701 cognita,
1178 3627 1353 3684 sententiam
1367 3622 1424 3683 lert
1438 3621 1565 3684 6661166
1578 3623 1684 3683 viduae
1696 3624 1761 3707 ipsa
1773 3620 1853 3681 bona

864 3726 982 3805 tautum
996 3720 1035 3780 ud
1044 3720 1106 3779 dies
1120 3722 1199 3780 vitae
1212 3737 1283 3781 suae
1296 3725 1406 3781 666666.
1796 3725 1853 3777 672

450 3831 486 3884 16
506 3838 576 3901 aug.
657 3822 748 3899 Apud
827 3855 866 3870 -
885 3826 945 3885 Pro
961 3824 1089 3885 remedio
1109 3827 1225 3885 661666
1242 3841 1328 3903 6666,
1343 3825 1446 3885 66661
1464 3824 1565 3886 Sancti
1581 3823 1685 3883 Lazari
1702 3823 1853 3885 ecclesiam

608 3920 797 4003 ilurlmberg.
866 3940 951 3984 suam
964 3924 1150 4001 Meyringen,
1158 3926 1246 3983 sliam
1259 3925 1291 3983 16
1305 3924 1370 3983 loco
1383 3922 1540 3996 llasilthal,
1549 3938 1616 3983 cum
1627 3924 1695 3999 jure
1708 3928 1855 3999 patrona-

866 4027 916 4081 tus
928 4025 959 4079 et
971 4022 1052 4079 omui
1064 4020 1199 4080 libertate
1211 4026 1352 4099 perpetuo
1364 4019 1573 4098 possidendam
1587 4018 1711 4079 confert.
1794 4029 1852 4081 676

450 4135 484 4188 61
507 4140 578 4205 aug.
659 4122 748 4199 iipud
827 4160 866 4173 -
885 4126 1032 4187 Abbntem
1045 4126 1193 4188 66166666
1214 4126 1252 4187 66
1269 4126 1352 4187 Buuh
1371 4128 1566 4189 cisterciensis
1586 4126 1698 4187 ordinis
1711 4142 1780 4187 eum
1800 4126 1854 4188 ho-

609 4219 799 4297 Nurimberg.
866 4222 997 4283 minibus
1009 4228 1040 4283 66
1051 4222 1138 4284 bouis
1149 4240 1252 4283 eornm
1266 4224 1322 4285 sub
1341 4226 1520 4300 protectione
1533 4240 1587 4284 666
1603 4225 1740 4300 suscipit,
1754 4225 1855 4285 indul-

867 4326 974 4398 getque
990 4324 1025 4379 ut
1041 4319 1187 4396 quidquid
1200 4335 1219 4379 6
1232 4336 1355 4397 persona
1374 4319 1465 4380 libera
1485 4322 1548 4379 slve
1566 4321 1749 4379 ministeriali
1763 4324 1854 4397 justis

866 4416 964 4477 modis
983 4414 1177 4491 obtinuerint,
1196 4415 1254 4477 boc
1273 4415 1397 4480 libenter
1417 4432 1476 4475 non
1494 4417 1634 4492 requisito
1653 4431 1777 4477 assensu
1800 4434 1854 4478 suo

867 4514 1020 4589 recipient.
1185 4571 1189 4579 ,
1711 4521 1780 4587 676,
1797 4524 1855 4575 676

451 4627 489 4679 ta
508 4632 579 4698 aug.
660 4617 751 4694 Apud
828 4650 869 4663 -
888 4619 1010 4680 Peteute
1027 4618 1236 4698 Bumbergensl
1255 4621 1408 4697 episcopo,
1430 4620 1535 4680 statuit
1555 4635 1593 4679 ne
1612 4619 1855 4681 61666Î’661666-

607 4714 799 4794 lluremberg.
869 4730 974 4793 penses
986 4714 1026 4775 66
1037 4716 1134 4776 611666
1144 4716 1259 4792 iudicia
1271 4717 1308 4777 66
1322 4722 1435 4777 caetero
1448 4721 1617 4777 evocentur.
1797 4728 1854 4780 676

454 4826 491 4882 16
509 4836 581 4900 ang.
662 4821 751 4899 Apud
830 4852 870 4866 -
889 4822 1001 4882 Notum
1018 4820 1090 4881 16616
1107 4822 1188 4898 quod
1204 4822 1244 4882 ad
1263 4823 1457 4882 imitationem
1476 4823 1568 4897 patris
1587 4824 1634 4883 sui
1654 4822 1857 4887 Romanorum

501 4904 505 4910 â´
610 4917 802 4997 Nuremberg.
871 4920 1070 4995 imperatoris,
1089 4918 1194 4979 iratres
1212 4919 1319 4980 domus
1336 4919 1585 4981 'theutonicorum
1604 4920 1729 4982 Sanctae
1746 4920 1857 4985 illariae
