4859 6359
402 759 499 822 lrnrcr.
516 757 561 842 'l.]
856 757 1053 826 HISTORIA
1077 757 1373 821 nlrtottartca
1754 760 1815 822 etr

403 894 544 966 nasterii
562 892 698 987 aliquid
716 893 764 967 de
780 893 1053 989 possessionibus
1070 893 1306 966 immobilibus
1322 890 1370 966 ad
1386 913 1426 966 se
1445 892 1581 966 trahere
1604 913 1666 988 per
1686 912 1814 988 quem-

404 1037 555 1111 cumque
571 1025 796 1105 contractum,
816 1018 885 1094 nisi
907 1040 971 1113 per
988 1019 1148 1113 ipsorum
1163 1017 1416 1103 conniventium
1441 1028 1481 1090 et.
1500 1039 1721 1092 eonsensum·
1745 1021 1814 1094 Nos

404 1161 488 1215 vero
504 1149 644 1236 recepta
661 1140 708 1212 de
724 1141 863 1214 illorum
887 1155 997 1220 monn
1019 1141 1253 1233 resignatione
1275 1140 1541 1232 jurisdictionis,
1574 1164 1638 1237 pro
1661 1145 1813 1216 remedio

404 1264 519 1335 anime
535 1273 651 1337 nostre
668 1274 703 1336 et
716 1264 932 1360 prosperiore
948 1267 1047 1360 regni
1065 1267 1172 1340 nostri
1187 1275 1299 1357 statu,
1314 1267 1515 1338 {fratrumin
1531 1267 1656 1340 eodem
1669 1269 1744 1341 loco
1762 1269 1813 1342 ia·

407 1388 615 1460 mutantium
631 1389 978 1485 libertaticapientes
995 1389 1174 1464 consulem
1196 1399 1232 1461 et
1249 1391 1370 1483 quieti,
1387 1391 1464 1462 loca
1478 1389 1594 1462 omnia
1619 1413 1723 1486 snper
1743 1415 1814 1486 que

405 1511 524 1584 haberi
545 1511 729 1587 ridebatur
747 1513 943 1605 jurisdictio
960 1536 1010 1586 en
1025 1521 1123 1608 parte
1143 1523 1259 1588 nosue
1284 1514 1393 1586 libera
1413 1523 1448 1587 et
1469 1514 1514 1586 ab
1531 1515 1625 1586 omni
1642 1515 1686 1587 de
1703 1523 1814 1588 cetero

403 1635 642 1726 jurisdictione
657 1637 853 1709 dimisimus
870 1637 1044 1715 absoluta;
1063 1639 1178 1732 ipsum
1192 1635 1439 1708 monasterinm
1458 1647 1492 1709 et
1518 1658 1637 1709 omnes
1654 1638 1814 1710 subditas

406 1759 454 1830 illi
477 1760 593 1831 curias
609 1769 645 1832 et
664 1761 899 1855 possessiones
918 1762 954 1833 in
981 1761 1168 1856 specialem
1185 1761 1373 1852 majestatis
1391 1771 1505 1833 nostre
1522 1761 1756 1832 defensionem
1780 1771 1815 1834 et

406 1884 651 1978 protectionem
673 1885 879 1980 recipientes
900 1893 936 1958 et
953 1886 1156 1958 anctoritate
1175 1884 1283 1979 regali
1301 1885 1492 1956 sancientes
1509 1893 1547 1956 ut
1568 1885 1662 1956 nulla
1673 1885 1813 1958 omniuo

405 2029 554 2102 persona
569 2008 710 2080 humilis
725 2011 784 2081 vel
804 2011 873 2082 alta
894 2009 1090 2105 predictum
1114 2009 1359 2082 monasterium
1376 2009 1412 2081 in
1436 2009 1591 2104 personis
1618 2009 1690 2081 suis
1707 2010 1762 2081 vel
1778 2009 1814 2082 in

406 2109 511 2203 rebus
529 2131 748 2227 aliquatenus
765 2134 946 2240 molestare
962 2134 1089 2207 audeat
1104 2143 1165 2207 aut
1182 2155 1339 2230 gravare.
1359 2131 1417 2206 Ad
1433 2135 1532 2227 cujus
1553 2134 1606 2206 rei
1614 2143 1814 2230 perpetuam

407 2255 632 2347 evidentiam,
649 2266 844 2353 presentem
853 2258 1017 2355 paginam
1028 2259 1197 2334 conscribi
1205 2259 1372 2350 jussimus
1384 2265 1419 2334 et
1434 2255 1546 2351 sigillo
1557 2265 1672 2332 nostre
1687 2259 1813 2350 majes-

407 2382 486 2453 tatis
498 2382 716 2454 communiri.
1527 2382 1530 2401 '

455 2507 569 2598 Hujus
587 2507 636 2578 rei
656 2515 763 2578 testes
778 2515 859 2578 suut
874 2505 1074 2580 =Gouradus
1090 2507 1261 2600 Spirensis
1274 2506 1459 2602 episcopus
1474 2507 1552 2579 aule
1565 2507 1660 2600 regie
1674 2507 1816 2578 caucel-

407 2629 534 2718 larinr,
562 2631 663 2723 lingo
688 2629 892 2704 leodiensis
903 2629 1107 2724 episcopus,
1126 2629 1332 2704 Bertlroldus
1347 2631 1539 2726 prepositus
1555 2631 1680 2702 Sancte
1700 2631 1817 2702 trini-

409 2754 489 2825 tatis
499 2753 537 2824 iu
548 2755 662 2849 Spim,
678 2753 860 2826 Heinriens
868 2755 1064 2851 prepositus
1076 2755 1191 2828 Sancti
1205 2756 1355 2828 llauritii
1367 2757 1404 2826 in
1414 2755 1604 2848 lloguntia,
1622 2755 1816 2828 Fridcricus

408 2899 525 2950 comes
546 2877 592 2950 de
610 2878 817 2970 lciuingeu,
837 2877 1064 2952 Gerehardus
1086 2879 1295 2972 burgravius
1313 2879 1359 2954 de
1381 2879 1615 2974 Magdeburg‚
1635 2879 1817 2952 Heinricus

410 3001 618 3074 marscalcm
635 3002 681 3075 de
694 3002 845 3095 Calatin,
863 3011 898 3076 et
911 3003 970 3075 alii
984 3004 1221 3100 quamplures.

429 3194 433 3199 .
457 3124 584 3198 Actum
597 3125 693 3222 apud
710 3127 864 3222 spiram,
882 3149 975 3200 anuo
994 3126 1166 3200 dominice
1187 3125 1431 3200 iucarnationis
1448 3126 1629 3200 millesimo
1648 3127 1820 3200 ducento-

410 3251 498 3323 simo
526 3271 637 3340 nouo,
665 3249 803 3348 [mense
822 3249 961 3350 juniol,
988 3251 1177 3325 indictione
1209 3250 1433 3342 duodecima,
1461 3272 1552 3324 anuo
1580 3262 1693 3326 autem
1721 3253 1819 3346 regni

411 3376 517 3448 nostri
530 3373 727 3449 undecimo.

461 3501 533 3572 Nos
545 3500 665 3593 igitur,
682 3500 803 3574 divine
814 3499 1233 3574 remunerationisintnitu
1243 3511 1278 3573 et
1290 3500 1335 3574 de
1347 3500 1464 3572 inuata
1476 3500 1725 3595 nobispietate‚
1739 3522 1822 3596 sup·

412 3624 635 3720 plicatiouem
651 3624 839 3720 supradicti
860 3624 996 3698 abbatis
1014 3623 1060 3697 de
1078 3624 1263 3718 Otterburg
1284 3634 1319 3697 et
1341 3625 1397 3696 sui
1421 3633 1612 3698 conventus
1632 3625 1822 3698 serenitatis

413 3761 528 3824 nostre
542 3751 722 3822 clementia
738 3748 970 3840 admittimus,
995 3757 1030 3821 et
1044 3749 1161 3822 omnia
1177 3770 1219 3822 ea
1233 3769 1303 3842 que
1319 3748 1535 3822 continentur
1550 3749 1586 3820 in
1605 3749 1731 3844 scripto
1754 3769 1820 3820 su-

413 3875 532 3970 perius
549 3880 711 3948 annotato
723 3880 799 3944 rata
813 3881 848 3944 et
863 3879 961 3966 grata
974 3871 1144 3944 hahemus
1154 3880 1191 3942 et
1202 3871 1407 3946 authoritate
1423 3870 1610 3964 majestatis
1620 3871 1715 3968 regie
1733 3892 1823 3944 con-

412 3996 609 4090 firmamus,
640 4005 676 4068 et
701 4017 795 4068 nunc
811 3996 1005 4091 specialiter
1029 3997 1145 4092 ipsum
1169 3995 1416 4068 monasterium
1438 4005 1473 4068 et
1501 4017 1619 4068 omnes
1643 3997 1764 4068 iratres
1788 4006 1823 4068 et

413 4119 618 4207 monachos,
631 4118 746 4192 curias
755 4126 790 4190 et
805 4119 1038 4214 possessiones
1050 4128 1085 4190 et
1096 4118 1213 4190 omnia
1223 4120 1303 4212 iura
1316 4118 1469 4212 ipsorum
1483 4117 1520 4188 in
1532 4119 1777 4212 protectionem
1788 4127 1824 4189 et

414 4242 650 4345 defensionem
670 4250 830 4347 nostram¹
841 4241 1047 4336 recipimus;
1071 4242 1248 4316 sanctione
1262 4241 1358 4334 regia
1375 4249 1562 4314 statuentes
1574 4251 1613 4312 ut
1630 4242 1725 4314 nulla
1739 4263 1824 4336 per-

414 4389 500 4440 sona
518 4367 661 4438 humilis
671 4367 728 4440 vel
739 4367 898 4438 sublimis
907 4366 1122 4463 sepedictum
1134 4365 1379 4438 monesterium
1389 4365 1425 4435 in
1436 4365 1590 4459 personis
1604 4366 1709 4436 autin
1719 4367 1824 4438 rebus

415 4492 543 4566 audeat
559 4499 622 4564 aut
632 4500 809 4588 presumat
823 4491 1041 4591 aliquatenus
1056 4491 1246 4564 molestare.
1268 4492 1311 4562 Ut
1326 4498 1440 4562 autem
1460 4490 1524 4561 hec
1540 4490 1576 4560 in
1596 4488 1741 4562 dubium
1755 4511 1824 4562 non

415 4617 547 4712 possim
562 4615 609 4688 de
629 4624 742 4689 cetero
757 4615 930 4707 revocari,
951 4616 1041 4688 hanc
1060 4615 1226 4712 paginam
1244 4615 1347 4708 sigilli
1367 4614 1474 4686 nostri
1497 4613 1687 4686 munimine
1707 4635 1825 4710 prece·

416 4741 534 4836 pimus
547 4739 715 4816 roborari.

425 4898 429 4905 ³
466 4867 584 4938 ‘lestcs
595 4872 711 4935 autem
725 4861 892 4952 hujuerei
908 4871 991 4936 sunt
1006 4888 1016 4932 a
1033 4861 1184 4935 Sitridus
1203 4861 1444 4955 Megaricum,
1464 4859 1631 4933 llenricus
1648 4859 1826 4932 Colonien-
