4859 6359
453 805 554 864 lsnrcr.
571 802 632 879 to]
900 799 1099 863 HISTORIA
1122 802 1413 865 otttotttrtct.
1614 846 1616 851 ·
1643 846 1644 851 κ
1802 800 1860 863 931

451 959 552 1031 reges
563 946 599 1009 et
615 935 775 1009 dominos
791 933 980 1029 adoptatis,
997 945 1031 1009 et
1050 935 1194 1010 fideliter
1211 938 1380 1031 acquisita
1398 936 1639 1026 defenderent,
1655 944 1690 1008 et
1704 936 1857 1009 virtuose

452 1062 621 1155 subjicere
635 1061 781 1156 populos
792 1059 957 1133 barbaros
970 1070 1186 1133 conarentur.
1202 1063 1247 1133 Et
1256 1062 1336 1143 licet
1344 1084 1391 1134 ex
1405 1071 1589 1134 memorate
1602 1058 1740 1134 virtutis
1751 1059 1858 1133 initiis

451 1186 710 1281 progenitorum
724 1184 906 1256 fecundata
922 1193 1114 1257 nostrorum
1127 1186 1211 1258 satis
1226 1186 1376 1259 extiterit
1389 1206 1553 1278 generosa
1569 1184 1751 1280 plantatio,
1768 1182 1858 1257 benc

452 1320 568 1383 tamen
585 1310 653 1381 sub
667 1309 848 1381 creationis
868 1330 959 1381 nove
979 1310 1187 1405 propagine,
1205 1330 1276 1404 que
1294 1308 1511 1381 nascentibus
1529 1308 1564 1379 in
1582 1328 1689 1402 regno
1708 1307 1854 1397 coaluit,

452 1456 517 1507 uec
539 1435 734 1507 interiorem
754 1434 923 1509 industria
944 1434 1117 1507 credimus
1145 1456 1211 1507 nec
1232 1434 1434 1506 strenuitate
1457 1433 1636 1505 minorem.
1657 1433 1747 1505 Sane
1776 1454 1856 1503 cum

451 1567 577 1631 etatem
592 1568 743 1631 nostram
756 1557 876 1631 divina
890 1559 1040 1654 potentia
1057 1558 1323 1631 mendicitate
1338 1556 1508 1631 dotaverit
1525 1565 1564 1627 ut
1579 1554 1627 1628 ad
1641 1576 1758 1649 regem
1772 1576 1856 1627 vcs-

452 1692 545 1754 trum
557 1691 672 1754 vestre
685 1681 880 1754 dilectionis
892 1682 980 1754 lacte
993 1682 1160 1754 nutritum
1174 1692 1210 1755 et
1225 1682 1349 1754 vestris
1367 1680 1535 1753 uberibus
1545 1678 1768 1767 ablactatum,
1788 1680 1857 1751 lto·

456 1805 549 1879 mani
571 1806 708 1878 culmen
731 1805 865 1900 imperii
886 1806 1002 1878 celesti
1029 1805 1170 1878 consilio
1193 1804 1419 1900 pervenisset,
1448 1824 1512 1876 vos
1531 1811 1671 1877 strenue
1691 1803 1856 1877 bellantes

453 1950 533 2013 cum
548 1930 624 2023 ipso
639 1928 686 2002 ad
700 1929 778 2021 subj
783 1929 955 2022 ogandam
973 1929 1039 2001 sibi
1056 1928 1188 2024 perfide
1201 1928 1396 2001 rebellionis
1409 1927 1607 2011 audaciam,
1625 1927 1718 1999 vires
1733 1937 1768 2001 et
1782 1928 1858 1999 ani·

454 2074 530 2125 mos
546 2052 790 2145 assumpsistis.
812 2051 984 2146 Cumque,
1003 2052 1131 2125 collisis
1147 2054 1333 2125 multorum
1350 2052 1541 2147 potentium
1560 2051 1694 2124 viribus
1712 2052 1773 2145 qui
1789 2071 1857 2124 nou

454 2176 576 2265 nobis,
595 2176 665 2248 imo
682 2175 804 2247 divino
819 2174 951 2267 judicio
968 2185 1118 2249 nostram
1132 2176 1305 2269 justiciam
1322 2174 1502 2268 dirigenti,
1522 2174 1701 2251 temerarie
1718 2174 1858 2248 resiste-

453 2300 554 2383 bant,
568 2301 616 2374 ed
628 2300 852 2373 obtinendam
866 2300 1010 2373 Romani
1024 2300 1158 2394 imperii
1174 2300 1427 2388 monarchiam,
1444 2299 1540 2370 italie
1552 2298 1704 2392 quedam
1719 2299 1857 2372 factiosa

453 2426 626 2512 collectio,
648 2426 744 2498 volut
758 2426 794 2495 in
808 2425 968 2519 grauedo
983 2425 1103 2497 lolium
1120 2432 1155 2496 et
1173 2422 1321 2519 putredo
1340 2422 1540 2495 remanserit
1553 2422 1589 2494 in
1603 2424 1756 2514 sentina;
1782 2444 1856 2513 nos,

454 2548 501 2623 ad
522 2552 621 2643 cujus
639 2548 933 2643 expugnationem
953 2548 1108 2620 animosa
1132 2546 1315 2621 Germania
1335 2548 1434 2642 plene
1456 2547 1579 2620 nostrie
1601 2546 1759 2642 exposita
1779 2568 1860 2619 ma-

454 2674 559 2745 nibus
584 2696 622 2746 se
639 2674 723 2747 satis
743 2674 887 2745 viriliter
911 2681 947 2745 ct
964 2680 1124 2767 potenter
1143 2672 1312 2765 accingit,
1338 2679 1498 2765 expertes
1521 2690 1585 2742 vos
1610 2678 1703 2742 tanta
1720 2670 1862 2743 victorie

453 2799 527 2870 lore
539 2818 608 2870 non
625 2798 791 2889 sinimus,
812 2818 877 2869 nec
887 2781 1086 2890 judicamus
1106 2796 1287 2889 indignos,
1309 2795 1462 2867 maxime
1478 2816 1558 2865 cum
1578 2793 1751 2866 credimus
1765 2794 1861 2889 quod

455 2923 546 2995 inter
559 2922 664 2994 totius
681 2920 818 3017 imperii
835 2921 941 2993 nostri
961 2920 1129 3016 presidia,
1149 2918 1344 2993 hereditarii
1365 2919 1463 3011 regui
1478 2918 1584 2989 nostri
1600 2918 1701 2989 nobie
1719 2917 1861 2991 effectus

453 3047 605 3121 lucidius
624 3044 751 3118 debeat
767 3066 951 3140 apparere,
974 3066 1040 3117 nec
1059 3045 1310 3117 successionem
1328 3052 1479 3115 nostram
1495 3042 1731 3137 generositatis
1748 3063 1768 3113 a
1783 3042 1862 3135 jure

453 3174 504 3245 sic
519 3172 681 3245 volumus
696 3170 825 3243 babere
839 3168 1063 3263 degenerem,
1081 3177 1120 3239 ut
1136 3166 1185 3240 ad
1196 3164 1436 3239 conterendam
1456 3164 1637 3261 perfidiam
1652 3164 1861 3238 lombardo-

453 3318 531 3367 rum
547 3317 613 3368 vos
629 3303 810 3389 parentum
828 3300 1019 3365 vestrorum
1042 3291 1189 3384 vestigia
1208 3289 1374 3383 subsequi
1398 3310 1466 3361 non
1488 3286 1601 3361 velitis
1622 3297 1657 3361 et
1677 3288 1859 3383 Apbricam

453 3424 515 3489 aut
536 3416 622 3488 alias
642 3423 779 3488 exteras
796 3413 953 3485 nationes
972 3410 1253 3505 predecessorum
1274 3417 1467 3481 nostrorum
1487 3429 1581 3482 more
1606 3408 1727 3481 ditioni
1745 3418 1860 3481 nostre

452 3540 640 3632 subjicere,
658 3538 720 3632 qui
737 3558 782 3609 ue
797 3536 881 3609 dum
899 3536 1035 3608 fortune
1056 3543 1188 3607 terrene
1205 3532 1418 3621 discrimina,
1438 3530 1504 3605 sed
1518 3539 1552 3603 et
1567 3532 1698 3605 marino
1716 3533 1859 3626 naviga·

452 3665 557 3738 tionis
567 3662 732 3756 ambigua
748 3668 979 3732 tentaverunt.
990 3660 1030 3730 In
1038 3658 1100 3730 illo
1111 3664 1349 3730 verumtamen
1361 3656 1516 3749 priorum
1527 3664 1721 3729 nostrorum
1735 3655 1812 3728 vias
1824 3666 1858 3729 et

455 3791 596 3863 semitas
614 3783 781 3881 subsequi
800 3785 1015 3872 devitamus,
1038 3783 1179 3878 quando
1195 3783 1413 3853 innumerosa
1436 3779 1655 3853 multitudine
1680 3780 1858 3876 sepissime

451 3934 597 4007 regnum
615 3910 652 3983 in
666 3909 865 3983 bominibus
880 3906 1094 3995 vacuabant,
1109 3927 1224 3978 rerum
1246 3924 1314 3975 non
1337 3899 1487 3975 conteuti
1501 3902 1680 3994 subsidiis,
1700 3901 1762 3975 sed
1775 3900 1858 3977 fide·

452 4037 537 4109 lium
555 4054 697 4129 corpora
718 4031 857 4103 remotis
874 4031 1065 4124 plerunque
1079 4029 1213 4100 fortune
1228 4025 1419 4121 dispendiis
1436 4024 1654 4119 exponendo.
1675 4026 1801 4098 Verum
1819 4036 1857 4098 ut

451 4160 605 4254 ipsorum
628 4153 772 4226 intentio
794 4150 890 4247 apud
914 4173 977 4223 uos
1000 4150 1223 4223 excusatione
1246 4168 1315 4220 non
1341 4158 1476 4236 careat,
1502 4147 1603 4219 nobis
1627 4146 1693 4219 hoc
1716 4160 1855 4221 nonest

451 4281 705 4369 necessarium,
735 4279 824 4350 sicut
848 4277 1077 4351 neceesarium
1106 4286 1180 4348 erat
1206 4274 1274 4365 eis,
1305 4273 1431 4345 multas
1459 4292 1538 4343 nam
1565 4270 1665 4343 uobis
1691 4293 1855 4369 personas

450 4403 633 4477 Germania
650 4402 837 4494 germinat,
857 4422 918 4494 per
933 4384 1020 4495 quas
1036 4398 1136 4471 vobis
1148 4379 1288 4492 parcere
1303 4386 1501 4493 possumus,
1518 4417 1562 4467 ex
1580 4394 1707 4489 quibus
1720 4397 1771 4467 uti
1785 4396 1854 4471 de-

449 4532 572 4603 bemus
587 4550 708 4602 secure
725 4529 762 4599 in
782 4526 907 4600 talibus
929 4546 998 4598 non
1020 4525 1158 4619 ignotis.
1186 4526 1312 4597 Tacere
1335 4532 1560 4596 veruntamen
1581 4521 1647 4593 hoc
1670 4522 1746 4595 sine
1766 4546 1852 4621 ocn-

450 4654 599 4725 scieneie
627 4652 780 4748 pondere
810 4672 879 4724 non
901 4672 1096 4745 possemm,
1122 4648 1217 4744 quod
1238 4649 1326 4721 inter
1347 4648 1433 4719 alios
1462 4668 1550 4741 quos
1573 4646 1674 4718 nobis
1697 4646 1853 4742 undique

451 4776 570 4849 divine
590 4775 740 4870 potentie
760 4774 905 4847 dextera
923 4772 1141 4867 subjugavit,
1164 4792 1326 4867 personas
1341 4782 1472 4844 vestras
1490 4768 1670 4841 nobiscnm
1691 4769 1853 4844 libentius

450 4901 654 4973 haberemus
671 4925 679 4969 :
707 4907 825 4993 utpote
838 4897 900 4992 qui
915 4896 961 4969 de
976 4906 1090 4970 vestre
1105 4894 1418 4990 circumspectionis
1443 4891 1610 4965 industria
1628 4902 1662 4964 et
1680 4890 1750 4965 lide
1765 4916 1852 4988 pro-
