4859 6359
443 814 545 876 houm.
561 813 612 890 ¹1.]‘
895 807 1094 869 fltsronttt
1118 805 1409 872 otrnoneulcs.

498 1383 704 1495 Esuriens,
731 1381 994 1466 Romanorum
1020 1366 1112 1486 rex,
1131 1383 1182 1466 ad
1207 1382 1493 1494 requisitionem
1512 1381 1663 1466 abbatis
1685 1381 1734 1466 de
1757 1382 1864 1492 Cape
1898 1445 1920 1490 s
1937 1392 2002 1449 ῬΜ

449 1519 533 1630 pel,
569 1517 869 1604 constantiensis
900 1517 1106 1624 dioeoesis,
1134 1516 1351 1600 abbatissae
1376 1517 1425 1598 de
1456 1516 1605 1626 Turego
1631 1517 1791 1600 mandat
1817 1526 1862 1600 ut

449 1653 573 1736 eidem
591 1651 721 1736 abbati
737 1651 1003 1736 molendinum
1028 1651 1133 1761 apud
1149 1651 1370 1760 Bontispuel
1392 1676 1481 1734 cum
1503 1650 1735 1760 quibusdam
1752 1651 1863 1734 terris

450 1786 711 1895 adjacentibus
729 1786 802 1870 sub
819 1786 990 1896 quodam
1007 1795 1110 1868 certo
1131 1794 1171 1868 et
1193 1811 1323 1868 annuo
1344 1811 1461 1867 censu
1482 1785 1522 1865 in
1544 1793 1769 1893 perpetuum
1791 1809 1862 1867 rc·-

450 1919 622 2029 linquere
639 1919 795 2026 debeat,
813 1919 868 2001 ita
885 1929 929 2001 ut
949 1919 1077 2003 omnis
1101 1918 1356 2001 connoversia
1377 1918 1475 2000 inter
1499 1918 1653 2000 eosdem
1676 1917 1859 2026 sopietur.

1922 1449 2048 1556 ”iiffl’

532 2136 704 2208 (Memorat.
720 2142 751 2197 ot
763 2141 890 2197 ernon.
905 2151 952 2212 up
967 2135 1079 2196 mum
1091 2151 1153 2195 von
1166 2135 1311 2210 Kronou,
1326 2135 1390 2195 loco
1403 2150 1485 2212 supr.
1500 2135 1597 2212 citet,
1611 2150 1643 2212 p.
1660 2131 1723 2214 91.)
1739 2099 1785 2130 Α

500 2321 625 2394 Datum
644 2321 740 2416 apud
753 2321 984 2417 usenberg,
1006 2321 1159 2395 llnonas
1173 2321 1284 2414 junii,
1306 2319 1493 2394 indictione
1508 2319 1583 2424 Vll.
1662 2429 1665 2440 Ι

694 2640 708 2650 ⁷
718 2641 1430 2654 -—-.---.-....-...-——--——-—-—-.....-.—.-
1431 2645 1524 2652 .....
1528 2643 1609 2654 .-

507 2950 716 3057 Henricus‚
753 2948 1017 3034 Romanorum
1043 2976 1136 3057 rex,
1171 2949 1447 3036 monasterium
1483 2949 1532 3034 de
1566 2947 1674 3030 Vade
1709 2947 1870 3030 Sanctae
1911 2966 2053 3078 unffi&

459 3085 591 3168 Crucis
612 3084 761 3168 nouiter
777 3083 982 3167 fundatum
1001 3082 1076 3171 sub
1099 3110 1172 3170 sua
1193 3082 1347 3194 speciali
1369 3081 1602 3193 protectione
1621 3081 1773 3192 recipit,
1793 3104 1872 3164 una
1934 3078 2034 3132 resins

457 3243 546 3299 oum
563 3217 709 3300 nuntiis
725 3243 797 3326 pro
814 3216 1099 3302 necessitatibus
1118 3217 1289 3327 ejusdem
1308 3217 1359 3300 ad
1379 3215 1613 3326 colligendas
1635 3215 1873 3326 elemosynas

456 3349 665 3434 mittendis.

538 3565 703 3644 (lnedttum
716 3583 755 3627 ex
766 3567 901 3644 orlglnslt
913 3569 947 3626 ln
960 3566 1082 3628 archivo
1094 3565 1330 3645 stuttgartensl.)

505 3755 565 3842 Η.,
590 3753 655 3826 Dei
672 3753 781 3845 gratia
799 3754 1028 3826 Romanorum
1050 3773 1115 3826 rex
1133 3762 1169 3826 et
1186 3775 1323 3848 semper
1338 3764 1526 3848 augustus,
1546 3755 1717 3827 universis
1736 3755 1871 3852 imperii

455 3875 618 3951 fidelibus
644 3878 691 3950 ad
717 3900 810 3972 quos
837 3899 980 3974 presens
1009 3878 1174 3973 scriptum
1201 3878 1396 3972 pervenerit
1421 3879 1566 3972 gratiam
1591 3901 1691 3952 snam
1713 3890 1747 3952 et
1769 3901 1872 3956 omne

458 3999 602 4073 bonum.
623 4000 860 4076 scandentes
873 4002 982 4096 ipsius
995 4001 1141 4095 matiam
1151 4002 1289 4096 pietatis
1304 4003 1340 4073 in
1354 4005 1455 4096 cujus
1468 4014 1556 4075 nutu
1571 4005 1681 4100 posita
1696 4017 1777 4079 sunt
1788 4007 1869 4079 uni·

460 4147 573 4213 versa,
595 4147 706 4220 aquo
720 4126 818 4221 regni
832 4126 971 4198 culmen
993 4127 1204 4222 recepimus,
1234 4127 1411 4222 cupientes
1427 4125 1477 4199 illi
1492 4129 1613 4202 merito
1633 4133 1866 4226 complacere,

457 4248 545 4321 illud
559 4271 631 4321 non
653 4249 835 4322 minimum
855 4271 1039 4322 censemus
1056 4250 1145 4322 iuter
1166 4271 1273 4346 opera
1289 4251 1439 4325 caritatis
1455 4253 1637 4347 religiones
1657 4256 1813 4350 plantare
1836 4265 1871 4330 et

457 4373 627 4467 plantatas
648 4373 685 4444 in
708 4396 775 4446 suo
797 4375 877 4466 jure
898 4375 1082 4448 salubriter
1101 4377 1295 4452 contovere.
1321 4377 1411 4450 Hinc
1433 4387 1485 4452 est
1503 4379 1598 4474 quod
1616 4401 1677 4454 uos
1695 4383 1868 4455 novellam

457 4497 703 4592 plantationem
718 4521 824 4594 qnam
837 4499 981 4572 dexnra
994 4501 1164 4598 plautavit
1174 4501 1340 4573 Altissimi
1358 4503 1404 4576 dc
1421 4505 1517 4577 Valle
1531 4506 1654 4578 Sancte
1666 4505 1783 4580 Crucis
1798 4505 1866 4605 (l),

457 4619 589 4693 ordinis
607 4623 856 4715 cisterciensis,
878 4625 1069 4698 serenitatis
1083 4629 1184 4699 oculo
1200 4627 1465 4723 prospicientes,
1484 4628 1529 4702 ad
1543 4631 1742 4725 petitionem
1756 4633 1870 4708 dilec-

458 4814 1236 4838 w--n—-nu--m———ap——ss—-—--—u0.
1243 4825 1278 4832 ..-

1281 4825 1870 4848 -.ῃ-...Ἦ

494 4928 532 5001 (t)
551 4929 656 4989 Scilicet
666 4931 912 5006 nossoncourt,
922 4936 1000 5010 juxta
1013 4934 1178 5008 Riedlingeu.
