4859 6359
644 739 704 803 808
1137 737 1358 800 aribatici
1381 737 1558 801 sectioni
1610 781 1615 788 ·
1862 740 1943 820 [Ars.
1962 743 2053 808 liae.

726 871 826 954 (Edit.
848 889 897 950 ap.
919 873 1074 950 annorr,
1092 872 1160 936 Cori
1185 871 1303 956 deploro.
1329 872 1428 936 ilem.
1452 870 1684 957 liepapolitccae
1702 871 1775 936 ned
1796 875 1876 951 aeci,
1900 874 1999 938 tascie
2020 877 2053 952 1,

765 996 796 1058 p.
813 988 851 1041 ao
868 978 1028 1058 (Schwerin
1042 989 1130 1057 iias,
1145 981 1187 1061 4·)
1200 997 1239 1042 ex
1251 979 1471 1042 confirmatione
1481 980 1626 1042 Lndorlcl
1639 983 1823 1058 imperatorie
1835 981 1873 1042 de
1883 996 1962 1041 anno
1977 991 2054 1043 iau

766 1087 798 1146 in
812 1085 932 1146 archivo
945 1085 1042 1147 ducali
1057 1085 1281 1148 Schwerinemi.
1295 1085 1394 1164 linies
1405 1085 1551 1164 privilegi!
1563 1087 1678 1164 copiam
1696 1085 1784 1148 sollte
1801 1101 1856 1148 aaa
1871 1084 2054 1148 humanitate

765 1189 851 1251 nobis
863 1189 932 1252 iecit
944 1191 1147 1266 Boebmeraa)
1874 1251 1877 1256 .
1954 1251 1959 1258 .

695 1355 903 1446 Fridericus,
922 1357 984 1431 ilei
999 1359 1114 1452 gracia
1131 1359 1361 1432 Romanorum
1381 1359 1563 1454 imperator
1586 1379 1722 1454 semper
1745 1368 1935 1454 rugosus,
1955 1361 2056 1434 lern-

647 1481 755 1553 salcm
779 1489 814 1553 ei
834 1481 959 1576 sycilie
982 1503 1068 1572 rex,
1094 1482 1265 1582 universis
1288 1491 1462 1579 presentes
1487 1482 1616 1554 litteras
1641 1480 1867 1578 inspecturis,
1894 1482 2055 1558 iidclibns

649 1605 742 1696 suis,
776 1605 926 1696 graciam
958 1617 1118 1681 suamet
1148 1628 1251 1681 omne
1283 1607 1426 1680 bonum.
1460 1605 1677 1702 Supplicavit
1709 1605 1905 1680 celsitudini
1939 1617 2055 1681 nostre

647 1727 822 1801 lohannes
840 1728 885 1801 de
902 1728 1202 1824 Mechieiinburg,
1231 1727 1343 1802 fidelis
1364 1719 1497 1822 roslar,
1518 1737 1690 1823 quatenns
1716 1727 1809 1801 bona
1833 1738 1867 1802 et
1880 1731 1958 1822 jura
1974 1752 2050 1822 sua,

648 1873 717 1946 que
735 1861 804 1924 tam
819 1851 854 1923 in
872 1853 972 1946 aquis
985 1875 1091 1948 quam
1110 1852 1262 1926 interris
1276 1853 1371 1947 justo
1383 1851 1483 1924 titulo
1498 1851 1680 1946 hucusque
1694 1850 1861 1948 possedit,
1883 1852 1950 1924 sibi
1969 1875 2054 1927 con-

648 1971 784 2048 iirmare
806 1995 870 2070 pro
897 1985 994 2071 parte
1016 1986 1130 2048 nostra
1154 1986 1188 2049 et
1201 1975 1343 2072 'imperii
1370 1973 1414 2048 de
1436 1984 1552 2048 nostra
1577 1975 1694 2068 gracia
1722 1975 1955 2070 dignaremur.
1984 1977 2056 2050 Nos

649 2098 754 2192 igitur
771 2099 844 2170 suis
862 2099 1021 2193 precibus
1039 2109 1242 2189 annuentes,
1270 2101 1361 2173 bona
1378 2110 1413 2172 ei
1425 2099 1506 2191 jura
1521 2121 1606 2190 sna,
1625 2099 1715 2170 sicui
1734 2120 1778 2172 ea
1795 2100 1912 2172 omnia
1931 2109 2001 2172 tam
2016 2099 2054 2171 in

647 2222 749 2317 aquis
769 2243 874 2316 quam
901 2223 937 2293 in
961 2223 1058 2296 terris
1077 2225 1170 2316 juste
1194 2232 1230 2296 et
1254 2223 1501 2296 rationabiliter
1525 2223 1703 2296 hactenns
1718 2220 1909 2296 dinoscitur
1932 2243 2055 2318 posse·

648 2344 755 2434 disse,
775 2345 976 2419 auctoritate
995 2357 1109 2420 nostra
1126 2356 1159 2420 et
1173 2347 1306 2441 imperii
1324 2347 1391 2420 sibi
1403 2346 1571 2419 duximus
1584 2345 1833 2419 confirmanda.

698 2470 821 2540 Datum
848 2468 943 2564 apud
970 2471 1160 2564 Hagenow,
1191 2491 1283 2544 anno
1305 2470 1479 2544 dominice
1503 2469 1746 2543 incarnationis
1772 2469 2054 2561 ii‘CC‘XXXV‘,

651 2613 769 2666 mense
786 2591 970 2684 iebruario,
990 2595 1037 2664 ix
1056 2592 1255 2668 indictione.

862 2877 1186 2890 w·—

705 3130 908 3240 Gregorius
943 3155 1043 3238 papa
1068 3129 1276 3236 Friderieo‚
1300 3127 1561 3213 Romanorum
1589 3128 1825 3238 imperatori,
1854 3126 1984 3210 scribit
2008 3127 2058 3208 de

650 3264 852 3349 concordia
888 3287 1006 3372 quom
1032 3261 1117 3344 iniit
1142 3261 1393 3370 interipsum
1424 3271 1462 3344 ct
1494 3263 1592 3345 circs
1619 3261 1855 3345 Acconenses
1887 3259 2058 3368 aliosque

650 3397 759 3507 regni
781 3395 1096 3506 ierosolymitani,
1117 3404 1305 3506 quantum
1323 3396 1373 3478 ad
1387 3395 1476 3507 jura
1492 3395 1611 3505 ipsius
1632 3395 1761 3506 regni3
1781 3419 1899 3504 quam
1921 3391 2058 3477 obsen-

652 3528 817 3612 vandam
836 3525 1029 3634 mandat(
1056 3523 1087 3636 ).

631 3771 634 3777 .
736 3713 855 3792 (incdit.
870 3719 899 3776 ei
913 3719 1037 3776 erbaci.
1053 3729 1089 3774 ex
1103 3710 1198 3774 indice
1211 3709 1356 3794 melche.
1375 3711 1507 3796 Greporii
1518 3713 1572 3790 iii,
1585 3729 1657 3774 ann.
1671 3712 1734 3792 IX,
1746 3722 1781 3776 n·
1799 3721 1926 3792 Μαι).
1940 3711 2053 3774 collect.

656 3861 660 3868 -
774 3819 899 3898 Lapcrte
911 3819 953 3880 du
965 3819 1061 3898 Theti,
1076 3821 1108 3880 in
1121 3820 1262 3882 Biblioib.
1276 3822 1380 3898 imper.
1396 3821 1581 3894 Periclensl.)

703 3979 827 4050 Datum
841 3977 995 4068 viterbii,
1012 3979 1100 4051 Viiii
1115 3977 1280 4052 kalendas
1298 3979 1424 4070 martii,
1440 3999 1532 4051 anno
1548 3997 1653 4051 nono.

691 4275 727 4348 (i)
746 4274 850 4332 inunt
860 4289 966 4350 quomis
976 4275 1003 4331 in
1016 4273 1103 4333 indice
1114 4275 1263 4332 litterarum
1271 4273 1393 4348 Gregorii
1409 4279 1565 4348 argumente
1578 4274 1692 4332 domum
1705 4273 1819 4331 aliarum
1835 4271 2007 4347 epistolarem
2020 4271 2059 4329 de

652 4371 746 4429 eodem
766 4372 871 4445 negotio
891 4371 994 4430 :unius
1009 4373 1176 4446 praeceptori
1193 4378 1222 4430 ot
1235 4371 1363 4429 iratribus
1383 4371 1522 4446 hospitalis
1540 4371 1652 4428 Snncme
1673 4371 1773 4430 tiamne
1789 4370 2012 4428 Thentonioorum
2029 4368 2060 4425 in

652 4469 757 4540 iiccon3
772 4468 864 4544 incipit
877 4487 884 4525 ε
898 4470 985 4526 lecte
997 4469 1122 4544 forrum.
1136 4471 1196 4526 ilat.
1207 4468 1332 4540 viterbii,
1344 4469 1384 4526 Xl
1396 4469 1449 4527 irai.
1462 4468 1550 4526 martii
1565 4469 1608 4543 (⁴9
1623 4467 1717 4542 leba),
1730 4478 1763 4524 n⁰
1776 4466 2004 4540 ³⁹⁴3-211015112
2016 4481 2061 4522 er·

652 4549 822 4640 chiepiscopo
836 4567 974 4625 Nazareno
987 4571 1016 4624 et
1035 4567 1160 4641 episcopo
1174 4565 1336 4637 toronensi,
1358 4581 1413 4639 qna
1429 4565 1559 4638 dgniiimt
1576 4581 1647 4640 papa
1658 4565 1818 4624 discordiam
1831 4578 1901 4638 quae
1919 4549 1979 4622 er'at
1991 4562 2061 4618 inter

652 4661 814 4719 Fridericum
827 4661 1013 4736 imperatorem
1025 4669 1052 4720 ei
1065 4663 1137 4722 cives
1148 4663 1317 4722 loconenses
1328 4662 1447 4736 aliosque
1461 4663 1586 4722 homines
1601 4662 1677 4736 regni
1687 4660 1837 4720 lenrsaiem
1849 4659 1981 4717 amicabili
1995 4675 2012 4716 a
2028 4674 2061 4716 ee

650 4755 733 4816 inissa
745 4757 934 4832 compositione
947 4759 1071 4834 sopitam.
1085 4759 1181 4834 incipit
1197 4778 1203 4815 :
1220 4759 1288 4818 Cum
1302 4759 1409 4816 diolco.
1433 4761 1492 4816 ilai.
1512 4758 1639 4830 ldterbii,
1654 4759 1702 4817 vn
1720 4758 1774 4816 irai.
1796 4756 1885 4814 martii
1900 4757 1949 4830 (ii
1968 4755 2061 4827 leba),

653 4868 684 4912 ii⁰
698 4859 759 4913 389.
