4859 6359
437 780 537 841 butor.
554 778 601 855 'l.]
885 772 1081 837 HISTORIA
1105 774 1398 837 utetoueulca
1783 777 1844 839 ete

437 914 651 1010 genitoribus
663 921 698 987 et
710 910 973 1008 imperatoribus
984 911 1045 1005 qui
1058 910 1216 985 eamdem
1229 912 1409 985 ecclesiam
1420 912 1579 1007 primitus
1595 910 1841 1004 fundavemnt,

437 1048 472 1110 et
494 1037 584 1109 sicut
600 1042 831 1132 protestantur
854 1033 947 1107 idem
966 1033 1137 1129 principes
1160 1044 1195 1109 et
1212 1044 1392 1130 magnates
1417 1037 1479 1131 qni
1496 1056 1600 1131 super
1618 1035 1686 1108 boc
1703 1057 1725 1108 a
1742 1036 1843 1111 nobis

438 1160 642 1254 generaliter
656 1158 813 1253 requisiti
830 1158 979 1230 luerunt.
998 1157 1106 1249 Igitur
1126 1179 1205 1230 cnm
1222 1158 1335 1231 victus
1350 1158 1472 1232 victori
1488 1158 1681 1232 secundum
1694 1161 1774 1252 jura
1789 1160 1845 1231 ci-

438 1284 521 1355 vilia
534 1282 757 1355 condamnari
774 1280 899 1355 debeat
915 1282 953 1353 iu
974 1282 1154 1375 expensis,
1175 1279 1223 1356 ad
1238 1282 1437 1355 instantiam
1458 1282 1700 1355 canonicorum
1717 1304 1841 1381 supra·

437 1406 606 1481 dictorum
628 1414 854 1479 memoratum
883 1405 1083 1502 episcopum
1111 1404 1161 1478 cis
1193 1407 1438 1481 sententialiter
1467 1405 1776 1481 condemnavimus
1805 1407 1843 1479 in

438 1542 575 1604 eentum
590 1530 739 1602 marchis
757 1528 1030 1620 Coloniensibus,
1050 1549 1138 1623 quas
1153 1550 1215 1625 per
1231 1540 1487 1603 sacramentum
1504 1530 1735 1626 probaverunt
1751 1553 1790 1605 se
1805 1532 1842 1605 in

438 1654 558 1728 eodem
577 1654 718 1748 negotio
734 1652 951 1749 expendisse.

485 1778 603 1850 Testes
616 1778 721 1871 buJus
733 1777 871 1851 reisunt
885 1803 893 1847 :
906 1776 1054 1849 Sitridns
1065 1776 1353 1870 Maguntineusis,
1372 1774 1602 1849 Theudoricus
1615 1777 1838 1868 trevirensis,

437 1900 604 1973 Henricus
616 1899 1838 1998 Colonieneisarchiepiscopi,ElkebertusBabembergeusisepiscopus,

435 2025 650 2097 Hermannus
669 2026 939 2121 Herbipolensis,
959 2025 1106 2097 loannes
1132 2025 1313 2117 blotensis,
1340 2025 1517 2099 Conradus
1531 2026 1717 2120 Spirensis,
1742 2026 1841 2120 liog-

435 2147 553 2239 gerius
569 2148 738 2221 Tulleusis
761 2147 930 2243 episcopi,
959 2145 1152 2221 Conrardus
1172 2147 1281 2219 abbas
1302 2148 1419 2221 Sancti
1442 2146 1547 2239 Galli,
1573 2146 1735 2243 magister
1751 2146 1840 2221 'lbe-

435 2270 634 2363 genbaudus
650 2270 703 2367 (l)
717 2270 1010 2367 pmtbonotarius,
1029 2269 1204 2343 Arnoldus
1221 2272 1336 2343 Sancti
1357 2271 1520 2343 Gereonio
1536 2271 1729 2367 prepositus
1739 2272 1841 2347 Colc-

435 2394 582 2485 niensis,
601 2396 759 2469 llatbeus
772 2395 849 2469 dux
866 2392 1101 2489 Letharingie,
1127 2396 1295 2467 Esuriens
1316 2395 1392 2468 dux
1414 2395 1691 2489 lemburgensis,
1711 2397 1841 2470 Walle·

435 2538 552 2589 mmns
569 2518 673 2591 irater
689 2516 863 2610 ejusdem,
888 2516 1056 2591 Hearieus
1078 2538 1192 2590 comes
1207 2518 1254 2591 de
1267 2520 1493 2609 Hellenstein,
1512 2517 1707 2593 Everardus
1724 2540 1840 2595 comes

435 2639 480 2713 de
493 2642 688 2725 llberstein,
714 2640 882 2713 Henricus
898 2660 1012 2715 comes
1026 2640 1071 2713 de
1084 2640 1270 2735 Spanbeim
1285 2652 1320 2713 et
1341 2642 1469 2735 Spmon
1482 2642 1587 2713 irater
1600 2643 1694 2733 ejus,
1718 2644 1840 2715 ilenri-

435 2785 498 2837 cns
515 2786 631 2839 comes
648 2765 694 2837 de
711 2766 854 2838 Gemino
870 2764 995 2853 Ponte,
1017 2766 1145 2860 Symon
1163 2784 1279 2837 comes
1304 2762 1351 2837 de
1366 2763 1617 2854 sarrebruklre,
1640 2764 1841 2840 Fredericus

434 2908 549 2961 comes
565 2887 611 2961 de
622 2888 806 2984 Liningen,
818 2886 983 2961 Gerlakus
1000 2908 1116 2959 comes
1128 2886 1173 2960 de
1187 2888 1379 2982 Voltaugeu
1394 2884 1460 2983 (a),
1476 2888 1657 2960 lotharius
1669 2910 1784 2961 comes
1795 2891 1841 2964 de

433 3012 547 3085 Woda
563 3012 628 3109 (b),
646 3012 814 3087 Heuricus
825 3034 940 3087 eomes
959 3011 1003 3085 de
1012 3010 1153 3103 Castris,
1173 3010 1371 3085 Gerbardus
1386 3032 1502 3084 comes
1518 3011 1563 3084 de
1582 3014 1691 3108 Dpze,
1712 3012 1839 3086 Wide-

433 3158 560 3233 gowns
570 3136 615 3210 de
626 3136 790 3231 Albecge,
802 3138 1021 3211 Hermaunus
1031 3135 1076 3209 de
1087 3134 1309 3228 Mulenaken,
1328 3134 1522 3209 Fridericus
1535 3133 1765 3211 dellisertheu
1777 3135 1837 3234 (c),

431 3260 618 3335 Wemerue
642 3260 777 3358 dapifer
806 3260 852 3336 de
882 3260 1064 3353 Bolandia,
1101 3260 1296 3335 Conrardus
1322 3262 1487 3356 pincerna
1514 3261 1561 3335 de
1586 3261 1838 3355 Clingenburg,

432 3386 652 3460 Eberhardus
673 3386 809 3481 dapifer
824 3384 870 3461 de
889 3388 1074 3483 Walpurg,
1102 3386 1269 3460 ilenricus
1286 3386 1496 3459 camerarius
1522 3384 1569 3459 de
1585 3385 1838 3479 llabiusburge,

432 3519 468 3583 et
485 3509 545 3583 alii
557 3511 792 3605 quamplures.

484 3632 606 3706 Actum
620 3632 716 3728 apud
731 3634 903 3725 luteram,
922 3654 1014 3707 anno
1028 3634 1136 3729 gratie
1153 3634 1201 3705 Μο
1216 3632 1279 3706 CC⁰
1290 3632 1475 3707 xxxlllu.

484 3757 605 3829 Datum
620 3757 696 3831 ΧΨ
712 3756 879 3833 kalendas
896 3758 1030 3853 aprilis,
1050 3756 1238 3831 indictione
1255 3757 1414 3854 septima.

472 4000 517 4082 (a)
537 4002 620 4065 Alias
639 3998 962 4083 velamentorum
981 3997 1127 4063 Weldenz.

473 4107 518 4190 (b)
537 4110 620 4171 Alias
632 4107 667 4171 dc
686 4106 785 4171 cha.

474 4214 512 4295 (a)
532 4216 615 4279 Alias
625 4213 660 4277 dc
672 4212 886 4278 lteereterdr.

469 4589 505 4665 (t)
523 4590 627 4649 Nomen
635 4590 707 4666 apud
715 4590 847 4651 llirueum
858 4590 942 4649 deest.
956 4589 987 4647 ln
1002 4589 1164 4649 chartulario
1177 4589 1265 4665 prima
1274 4589 1334 4647 rice
1342 4588 1439 4661 legitur
1450 4585 1539 4645 Tittoi.
1551 4584 1702 4643 etsecunda
1710 4587 1840 4659 magam

434 4686 528 4761 Tbep⁰
544 4688 717 4763 (Tbepcnml,
737 4694 859 4745 truncata
872 4687 958 4746 lorma
967 4704 1017 4763 pro
1028 4684 1243 4761 Tbegeniardcr.
1253 4686 1301 4745 Vir
1310 4684 1354 4743 ille
1366 4686 1411 4758 qni
1421 4700 1545 4759 magnam
1558 4683 1629 4758 apud
1641 4683 1784 4740 Henrieum
1795 4699 1843 4739 re-

433 4799 495 4858 gem
506 4790 570 4842 tunc
580 4786 708 4861 temporis
719 4800 863 4860 personam
876 4784 944 4859 egit,
956 4784 1139 4843 vicedominus
1155 4782 1392 4859 llagdeburgensis
1410 4787 1469 4839 erat
1490 4788 1518 4839 et
1535 4782 1641 4839 llennci
1660 4782 1695 4839 de
1709 4782 1801 4839 lanne
1812 4782 1840 4838 in

433 4884 656 4955 pmtonotun'atus
667 4882 752 4943 officio
765 4898 902 4943 suooeseor
913 4898 985 4941 nuuc
995 4882 1111 4957 primum
1126 4888 1248 4957 apparet
