4859 6359
596 753 658 814 854
1094 751 1307 814 stttnsstttct
1328 753 1501 814 sschttnt
1818 758 1898 837 [Ass.
1917 760 2003 822 ΜΘ.

603 887 695 960 niam
717 885 911 976 venientes,
937 885 1021 978 quia
1045 883 1091 959 de
1113 886 1188 982 ipso
1214 885 1380 960 fiduciam
1405 886 1634 980 habebamus,
1671 911 1741 963 non
1758 891 2007 982 [dubitavimus

602 1029 782 1104 personam
799 1021 946 1080 nostram
961 1008 997 1078 in
1013 1018 1139 1081 terram
1153 1031 1253 1083 suam
1269 1011 1371 1084 Stiria
1386 1010 1614 1104 committere,
1641 1021 1682 1085 ut
1695 1013 1728 1086 ei
1745 1014 1886 1088 daretm
1898 1017 2007 1108 major

604 1131 649 1204 de
664 1140 779 1204 nostra
794 1132 902 1224 gratia
916 1131 1145 1228 presumptio,
1163 1153 1205 1207 ec
1221 1134 1297 1230 ipse
1308 1133 1355 1206 sd
1373 1141 1489 1206 nostra
1501 1134 1714 1230 beneplacita
1731 1155 1771 1210 se
1783 1139 1894 1233 magis
1905 1139 2005 1213 obse·

603 1255 763 1348 qniosum
776 1264 812 1327 et
821 1255 1029 1327 benevolum
1044 1255 1234 1330 exhiberet.
1251 1256 1347 1330 ldem
1363 1279 1444 1330 vero
1457 1279 1539 1330 cum
1556 1279 1713 1331 essemus
1723 1259 1760 1334 in
1775 1261 1899 1335 eadem
1915 1271 2005 1336 terre

601 1402 682 1471 sua,
702 1401 770 1452 non
785 1378 924 1452 erubuit
939 1378 1118 1452 duomilia
1135 1379 1385 1452 marcharuma
1400 1379 1502 1451 nobis
1515 1380 1659 1474 exigere
1673 1404 1738 1477 pru
1756 1405 1880 1477 guerro
1895 1383 2006 1458 tibist

602 1503 724 1575 illustri
741 1503 815 1596 regi
830 1502 979 1596 Ungarie
994 1503 1170 1596 iacienda,
1187 1525 1276 1598 quas
1291 1505 1376 1598 quia
1388 1503 1456 1576 eibi
1470 1523 1541 1576 non
1557 1503 1733 1594 dedimus,
1749 1506 1890 1580 dixitne
1904 1507 2006 1580 nobis

601 1649 780 1722 nunqnam
797 1626 832 1696 in
850 1635 952 1698 antea
966 1627 1191 1720 serviturum,
1210 1638 1250 1700 ut
1274 1626 1426 1721 quadam
1448 1627 1613 1699 violentia
1632 1640 1702 1700 non
1724 1640 1926 1722 agnosceret
1941 1630 2004 1702 do·

601 1753 734 1823 minum
751 1771 864 1822 coram
882 1771 954 1844 quo
972 1751 1433 1846 tam‘improbeloqueretnr.
1447 1751 1524 1822 Non
1546 1760 1661 1822 umen
1677 1761 1814 1846 propter
1833 1753 1902 1825 hoc
1922 1753 2005 1825 moti

604 1897 668 1949 nos
680 1876 826 1962 luimus,
845 1874 907 1947 sed
919 1875 1087 1970 patienter
1096 1875 1288 1967 juvenilem
1303 1875 1388 1966 ejus
1406 1873 1703 1946 dissimulavimus
1726 1875 1918 1962 levitatem,
1941 1875 2003 1950 ha·

602 1999 722 2072 huntus
741 1997 964 2070 nihilominus
989 1997 1023 2067 in
1045 1998 1219 2093 proposito
1234 2018 1300 2068 sna
1313 1997 1493 2070 commoda
1514 2018 1727 2092 pmmoveue.
1749 1997 1882 2072 indicta
1902 1999 2004 2071 etiam

603 2121 803 2216 Mogontina
829 2121 923 2192 curia
942 2120 1113 2212 generali,
1138 2121 1407 2193 convocavimus
1427 2141 1507 2192 eum
1528 2120 1574 2194 ad
1598 2119 1746 2193 eandem
1772 2121 1904 2192 curiam
1929 2131 2005 2192 ter-

603 2249 698 2318 mino
714 2244 912 2335 constituto,
934 2253 1036 2340 prout
1056 2245 1261 2339 generaliter
1282 2254 1319 2317 et
1340 2243 1532 2340 specialiter
1557 2243 1685 2338 singuli
1702 2243 1898 2340 principum
1923 2247 2005 2317 loe

603 2379 682 2441 rant
708 2368 855 2442 evocati.
876 2368 940 2452 Qui
961 2389 1041 2438 oum
1059 2366 1192 2462 prebxo
1214 2377 1369 2463 tempore
1380 2368 1638 2458 convenissent,
1662 2366 1758 2440 idem
1783 2367 1859 2440 dux
1876 2366 2004 2440 nedum

602 2492 722 2565 venire
733 2493 978 2564 contumaciter
987 2467 1181 2562 recusavit:
1190 2491 1277 2586 quin
1284 2491 1400 2586 potius
1411 2512 1491 2562 cum
1500 2490 1682 2584 campestri
1694 2489 1861 2580 exercitu,
1873 2491 2005 2584 absque

604 2625 717 2688 nostra
748 2615 884 2686 licentia
909 2617 964 2686 vel
990 2634 1151 2706 assensu,
1180 2623 1303 2686 terram
1324 2615 1416 2707 regis
1437 2613 1587 2706 Ungarie
1600 2613 1766 2685 hostiliter
1788 2623 1823 2686 et
1840 2613 2006 2686 violenter

603 2741 796 2833 ingressus,
824 2737 914 2812 adeo
933 2749 1064 2811 tantum
1085 2739 1275 2834 principem
1298 2740 1501 2833 provocavit
1527 2737 1622 2830 qnod
1649 2737 1871 2831 expeditione
1895 2737 2002 2824 iacta,

601 2862 736 2958 imperii
749 2861 834 2933 fines
853 2862 1010 2952 intravit,
1030 2881 1100 2933 non
1115 2864 1189 2932 sine
1198 2861 1323 2952 injuria
1336 2873 1452 2933 nostra
1463 2869 1500 2932 et
1508 2860 1641 2953 imperii
1653 2861 1800 2949 lesione,
1818 2859 2007 2931 humilians

602 3007 680 3058 eum
698 2985 743 3058 ud
760 3007 823 3057 sua
842 2985 1054 3080 beneplacito
1082 2996 1116 3056 et
1142 2983 1318 3056 mandata.
1336 2984 1475 3056 interim
1489 2984 1593 3055 etiam
1614 3004 1682 3054 non
1706 2992 1888 3054 contentus
1908 2981 2006 3075 quod

602 3109 851 3182 conterminum
869 3109 933 3179 sibi
946 3129 1061 3202 negem
1075 3109 1285 3198 turbaverat,
1305 3107 1478 3201 principes
1493 3105 1647 3199 imperii,
1662 3104 1826 3178 videlicet
1839 3115 1874 3177 te
1888 3125 2005 3199 regom

602 3233 782 3322 Bohemie‚
805 3231 1036 3304 uenerabilem
1052 3231 1355 3324 salseburgensem
1376 3229 1425 3324 (a)
1450 3229 1762 3322 arehiepiscopum,
1786 3225 2006 3300 Brundehnr-

604 3377 744 3451 gensem
760 3355 826 3450 (h),
846 3354 1097 3437 Pataviensem,
1123 3354 1420 3445 Ratisponensem‚
1445 3351 1696 3444 Frisingensem
1716 3351 1914 3446 episcopos,
1935 3351 2005 3420 Ba-

605 3481 700 3552 varie
717 3478 863 3566 ducem,
885 3487 919 3548 et
936 3477 1090 3550 lloravie
1107 3476 1338 3548 marchionem
1352 3495 1423 3546 non
1444 3473 1618 3546 dubitavit
1631 3473 1806 3546 ansonem
1822 3472 1886 3567 (c),
1912 3473 2007 3545 anie·

605 3625 683 3676 rens
698 3603 749 3676 eis
762 3604 841 3694 jura
854 3610 887 3676 et
901 3601 1074 3691 redditus,
1093 3621 1162 3694 qne
1187 3601 1223 3672 in
1243 3599 1380 3672 Austris
1400 3609 1436 3670 et
1455 3599 1557 3671 Stirie
1573 3597 1756 3670 ducatibus
1769 3595 2002 3690 possidebant.

606 3729 660 3801 Ad
679 3729 779 3820 cnjus
802 3727 952 3799 debitam
977 3726 1141 3798 ultionem
1169 3735 1263 3798 tanta
1283 3725 1391 3797 moles
1409 3724 1604 3819 principum
1624 3723 1792 3813 irruisset,
1820 3723 1887 3793 nisi
1909 3719 2005 3815 quod

605 3873 724 3947 pacem
741 3849 875 3944 imperii
888 3850 1025 3920 turbare
1041 3849 1204 3940 vitantes,
1223 3848 1324 3920 nobis
1342 3857 1379 3921 et
1392 3847 1536 3941 imperio
1557 3845 1773 3934 detulerunt,
1793 3865 1877 3939 sepe
1891 3865 2004 3916 coram

606 3973 707 4045 nobis
721 3972 913 4067 specialiter
929 3993 991 4067 per
1004 3973 1117 4044 literas
1133 3981 1168 4043 et
1185 3972 1332 4045 nuncios
1342 3991 1411 4043 non
1429 3972 1525 4044 leves
1538 3969 1770 4064 querimonias
1782 3967 2003 4064 deponentes.

605 4097 722 4170 Delste
735 4104 816 4168 sunt
829 4096 930 4167 etiam
944 4097 1083 4189 querele
1096 4092 1301 4190 multiplices
1310 4115 1425 4166 coram
1440 4093 1540 4168 nobis
1550 4113 1613 4188 pro
1623 4101 1719 4187 parte
1731 4092 1910 4165 hominum
1919 4100 2006 4162 term

645 4317 688 4400 (a)
707 4321 765 4397 Ap.
781 4321 857 4381 Patr.
877 4319 914 4381 de
932 4319 1034 4380 Vincis
1046 4316 1327 4400 Madebrupemism,
1344 4321 1432 4380 male.
1446 4318 1567 4380 Caetera
1579 4335 1698 4397 qnoque
1713 4319 1837 4378 nomtns
1852 4332 1892 4378 ex
1909 4315 2002 4376 codic.

602 4427 805 4487 emendamus.

647 4529 688 4610 (h)
709 4531 807 4592 sicin
830 4531 977 4593 omnibus.
1000 4532 1119 4594 ltectins
1138 4537 1238 4593 umen
1260 4531 1417 4611 legendum
1439 4527 1721 4611 holomucensem
1740 4527 1821 4608 quod
1842 4528 2007 4604 suspicatus

603 4637 851 4717 militandum,
873 4641 937 4700 loco
954 4641 1057 4713 citato,
1077 4644 1139 4700 not.
1155 4638 1194 4701 lt.
1216 4639 1295 4713 Qntd
1313 4641 1392 4700 enlm
1408 4639 1523 4700 dimidii
1541 4639 1611 4698 duci
1625 4638 1762 4699 lustriae
1781 4651 1850 4698 cum
1872 4637 2007 4713 episeopo

604 4743 882 4824 Brmdenhurgensc
895 4748 1074 4826 usqueadeo
1087 4754 1199 4810 remoto
1213 4764 1276 4809 esse
1288 4748 1425 4825 potuerit,
1439 4763 1500 4806 non
1513 4747 1694 4821 dmldmus.

647 4849 684 4928 (c)
707 4850 868 4929 Allussccit
885 4850 997 4933 ttſj'cndi.
1514 4847 1519 4862 “
