4859 6359
395 890 491 949 Ιιοιατ.
508 886 552 965 5.]
845 884 1041 947 HISTORIA
1068 882 1360 946 uiruounrtctt.
1743 880 1801 941 5¹11

394 1040 458 1093 rex
468 1028 502 1093 et
514 1040 649 1116 semper
666 1028 848 1111 augustus.
866 1020 1005 1093 Sincere
1022 1018 1214 1093 dilectionis
1226 1018 1369 1091 affectus
1385 1024 1420 1088 et
1437 1022 1563 1100 cetera,
1583 1040 1601 1086 o
1620 1022 1656 1087 et
1668 1015 1717 1087 ita
1729 1024 1802 1087 ter-

395 1145 570 1219 minetur:
591 1169 610 1213 u
629 1144 821 1219 Prediotam
837 1145 956 1240 itaque
969 1144 1281 1217 confederationem
1304 1139 1520 1237 precepimus
1535 1149 1570 1213 et
1585 1138 1803 1231 injunximus

390 1266 575 1360 jurandam
592 1288 655 1363 pro
673 1268 773 1341 nobis
784 1277 819 1340 et
838 1269 875 1339 in
890 1268 1005 1342 anima
1023 1276 1138 1341 nostre
1156 1288 1176 1340 a
1193 1266 1353 1339 Conrado
1366 1265 1462 1339 curie
1473 1272 1588 1337 nostre
1602 1264 1804 1358 cappellano

394 1392 569 1487 preposito
581 1390 627 1465 de
643 1392 733 1483 Egra
747 1401 782 1465 et
796 1392 942 1464 ilenrico
957 1390 1143 1465 camerario
1157 1398 1272 1463 nostro
1289 1387 1335 1461 de
1349 1387 1572 1461 Nurembere.

445 1514 605 1587 »Actum
628 1535 720 1588 anno
742 1516 915 1589 dominice
940 1516 1183 1589 incarnationis
1204 1515 1253 1585 Μ’
1269 1512 1331 1585 CC⁰
1348 1513 1457 1585 XXX·
1473 1510 1644 1603 secundo,
1676 1511 1722 1583 iil
1740 1509 1801 1583 ka·

394 1637 515 1713 lendes
524 1640 621 1731 julii,
639 1638 829 1713 indictione
843 1639 976 1734 quinta.

444 1764 608 1835 »Datum
622 1761 719 1857 apud
732 1762 875 1855 Egram,
896 1784 1005 1855 enno,
1027 1761 1204 1850 kalendis,
1224 1760 1410 1833 indictione
1423 1759 1622 1855 prenotatis.
1646 1782 1665 1827 n

447 2365 650 2469 Henricus,
670 2364 930 2447 Romanorum
948 2388 1033 2467 rex,
1054 2362 1154 2446 cives
1172 2360 1462 2469 Ratisponenses
1480 2359 1553 2442 sub
1571 2359 1802 2470 quibusdam
1907 2389 1988 2441 mm

394 2496 675 2581 conditionibus
705 2498 745 2577 in
785 2498 948 2607 gratiam
985 2521 1096 2579 suam
1132 2520 1173 2577 se
1203 2504 1443 2601 recepturum
1479 2492 1561 2575 iore
1590 2491 1799 2601 promittit,

394 2629 617 2713 condonatis
635 2630 688 2712 eis
706 2627 846 2738 injuria
864 2656 909 2712 ac
926 2630 1134 2712 temeritate
1152 2627 1202 2709 ab
1220 2627 1276 2710 eis
1292 2627 1333 2709 in
1352 2653 1392 2709 se
1409 2626 1532 2709 factis.

475 2843 566 2921 (Edit.
582 2844 780 2924 neuram,
791 2841 926 2925 decemb.
936 2839 1144 2919 rtadtcdmnilr,
1161 2842 1188 2917 1,
1204 2845 1303 2904 suein
1314 2842 1489 2903 ηοω-Εἰ
1499 2857 1549 2921 ap.
1562 2842 1694 2903 Nonum.
1705 2842 1798 2917 Boio,

516 2957 590 3011 tom.
612 2950 717 3025 XXX,
740 2966 811 3028 para
832 2950 876 3025 1¹,
897 2959 932 3010 n·
947 2959 1004 3011 vta
1017 2993 1028 3028 ‚
1043 2966 1075 3027 p.
1091 2956 1169 3028 20²,
1194 2950 1381 3028 exorigtnait
1396 2949 1427 3009 ln
1446 2948 1569 3010 archivo
1580 2948 1647 3009 ord.
1668 2948 1796 3026 praedic.

513 3057 642 3137 unum„
656 3060 743 3135 cutus
756 3056 885 3136 sigilium
897 3055 1008 3135 periit.)

445 3236 674 3338 li[einricns],
705 3240 769 3313 Dei
794 3240 904 3333 gratia
940 3240 1173 3313 Romanorum
1203 3258 1269 3312 rex
1296 3259 1431 3333 semper
1453 3246 1640 3333 augustus,
1669 3237 1803 3315 dilectis

397 3362 558 3439 iideiibus
585 3364 660 3437 suis
686 3362 879 3458 judicibus,
913 3363 1058 3437 consilio
1083 3370 1118 3436 et
1139 3361 1312 3435 universis
1337 3362 1475 3435 civibus
1497 3362 1804 3459 Ratisponensibns

395 3486 539 3583 gratiam
557 3495 709 3561 suamet
726 3486 988 3561 omnebonum.
1006 3486 1065 3577 En
1078 3485 1346 3561 mansuetudine
1367 3495 1481 3561 nostra
1500 3488 1677 3582 paciencia
1696 3510 1802 3583 quarn

393 3610 523 3685 habere
541 3613 703 3687 volumus
721 3610 767 3685 ad
786 3612 956 3704 benignos
982 3621 1018 3685 ot
1042 3609 1204 3703 devotos,
1231 3610 1457 3685 induissimue
1479 3611 1581 3685 vobis
1598 3614 1804 3709 multiplices

393 3753 558 3809 excessus
575 3744 708 3811 vestros
724 3756 813 3829 quos
830 3734 1048 3809 commisistis
1062 3735 1238 3808 temeriter
1253 3731 1319 3832 [in]
1337 3734 1499 3827 injuriam
1517 3736 1667 3810 nominis
1678 3740 1799 3831 nostri,

392 3856 472 3931 iicet
483 3860 677 3933 uberiorem
693 3859 884 3935 vindictam
901 3859 1096 3933 miinndere
1113 3880 1294 3957 possemus
1304 3859 1340 3931 in
1357 3858 1526 3954 quosdam
1537 3862 1698 3935 concives
1711 3884 1802 3935 oon-
1823 3916 1829 3927 .

393 3982 497 4055 soreii
509 3984 633 4077 vestri,
664 4004 812 4080 quorum
828 3984 968 4057 nomina
986 3982 1237 4079 congnovimus
1253 3991 1377 4060 et.vos
1401 3984 1630 4077 cognovistis,
1661 3986 1723 4081 qui
1742 3988 1801 4061 in-

393 4104 603 4199 pedirerunt
613 4108 860 4203 cumnequiter
869 4118 942 4181 tum
956 4114 1110 4203 potenter
1120 4105 1216 4202 quod
1228 4107 1433 4180 aconsorcio
1443 4108 1676 4183 universitatis
1687 4120 1802 4185 vestre

393 4248 463 4301 non
475 4230 763 4324 proveniebamur
776 4231 956 4325 condignis
972 4230 1176 4323 honoribus,
1198 4230 1304 4304 immo
1315 4253 1337 4304 a
1349 4230 1450 4304 vobis
1464 4234 1667 4305 recessimus
1679 4234 1801 4306 ultimo

395 4374 460 4425 nec
475 4362 649 4451 tamquam
662 4374 725 4431 rex
743 4364 778 4429 et
795 4354 957 4428 dominns
970 4364 1100 4447 vester,
1127 4376 1192 4427 nec
1208 4354 1374 4428 exhibitis
1396 4354 1463 4427 hiis
1484 4356 1522 4427 in
1542 4357 1686 4430 modicis
1699 4357 1801 4429 nobis

392 4478 449 4549 vel
463 4478 499 4547 in
518 4479 734 4574 magnisque
748 4479 930 4574 utriusque
944 4487 1172 4575 competerent
1195 4477 1376 4551 honestati.
1404 4478 1594 4555 Statuimus
1614 4480 1721 4575 igitur
1735 4503 1800 4576 pro

392 4620 483 4694 pena
494 4608 529 4673 et
546 4600 701 4675 vindicta
717 4602 847 4676 eisdem
861 4624 950 4699 qnos
962 4624 1032 4676 nna
1048 4602 1229 4675 vobiscum
1245 4612 1406 4675 nocentes
1423 4604 1648 4697 cognovimus
1661 4604 1699 4676 in
1719 4628 1804 4701 pre·-

392 4722 524 4813 missis‚
553 4733 591 4797 nt
609 4724 654 4799 de
667 4726 815 4821 pecnnia
837 4726 937 4799 nobis
958 4727 1128 4823 promisse
1142 4726 1279 4799 solvant
1292 4726 1584 4820 quemadmodum
1600 4750 1648 4801 ex
1665 4727 1797 4805 delibe-

393 4846 532 4921 racione
542 4848 647 4921 vestri
661 4850 794 4923 consilii
810 4848 959 4939 eisdem,
980 4870 1060 4923 cum
1073 4850 1200 4923 fuerint
1212 4857 1368 4923 auctores
1377 4850 1566 4945 ignominie
1578 4853 1678 4927 nobis
1689 4854 1795 4948 iliata,

395 4968 567 5045 duxeritis
582 4973 840 5071 inponendum
870 4984 906 5047 et
927 4974 956 5049 si
974 4975 1210 5049 recusaverint
1228 4974 1376 5071 inposita
1390 4976 1475 5073 ipsis
1490 4999 1529 5052 sa
1545 4999 1614 5053 non
1630 4978 1793 5075 daturos,
