4859 6359
449 3933 524 3976 mut

416 3997 467 4030 «ιι

404 3987 432 4030 n
467 3966 575 4043 mla·

613 791 672 852 'l'ltl
1110 790 1325 853 Fllllllilllcl
1348 789 1523 851 SECUNDI
1834 794 1914 872 [Αιιιι.
1932 795 2019 856 1235.

615 931 730 994 nostra
744 925 951 998 conscientia
964 935 1175 998 emanarent.
1191 926 1304 1020 Super
1314 945 1386 1020 quc
1396 924 1489 995 illius
1502 924 1564 1018 qui
1577 925 1662 995 nihil
1680 925 1843 1020 ignorans
1856 939 2025 1002 scrutator

615 1056 667 1118 est
684 1047 841 1120 cordium
863 1057 897 1121 et
912 1049 1068 1143 cognitor
1078 1057 1307 1138 secretorum,
1326 1047 1559 1120 testimonium
1576 1047 1797 1142 invocamus,
1814 1051 1912 1145 quod
1930 1075 2023 1125 uun·

614 1191 751 1262 quama
765 1171 865 1242 nobis
882 1192 1001 1244 eornm
1017 1171 1225 1244 machinatio
1235 1169 1377 1266 prodiit,
1390 1169 1454 1242 sed
1467 1191 1555 1264 pure
1567 1170 1613 1244 de
1627 1170 1764 1267 impura
1776 1171 1930 1267 ipsorum
1944 1198 2023 1248 ma·

613 1291 808 1366 chinatione
835 1295 1020 1388 processit3
1059 1293 1154 1388 quod
1188 1294 1226 1366 in
1265 1295 1355 1366 iacto
1393 1293 1493 1387 regni
1523 1293 1813 1368 hierosolimitani
1842 1297 2022 1372 evidenter

612 1439 757 1510 arguere
772 1437 814 1490 ac
833 1437 893 1490 eos
909 1418 971 1512 qui
987 1417 1157 1491 contraria
1174 1417 1384 1512 scripserant
1403 1437 1466 1511 per
1486 1417 1647 1489 effectum
1668 1419 1783 1513 operis
1807 1419 1844 1491 in
1871 1431 2020 1516 utroque

613 1541 750 1634 negotio
770 1541 956 1614 mendaces
971 1541 1099 1636 poteris
1122 1541 1292 1614 invenire.
1316 1538 1482 1612 Nonnulli
1502 1559 1587 1612 vero
1602 1539 1812 1614 collaterales
1825 1543 1896 1632 tui,
1923 1545 2021 1639 pacis

612 1665 798 1759 imperialis
817 1664 935 1754 emuli,
953 1665 1043 1736 sicut
1057 1664 1208 1738 creditur
1222 1663 1366 1747 inimici,
1388 1683 1448 1734 eas
1461 1661 1506 1734 de
1519 1683 1683 1757 processu
1701 1673 1816 1736 restro
1831 1665 1876 1760 (i)
1893 1665 2020 1740 litteras

612 1788 767 1884 dirigunt
778 1789 906 1883 quibus
920 1789 950 1860 si
968 1791 1096 1862 veritas
1114 1788 1211 1861 testis
1225 1782 1415 1876 assisteret,
1434 1794 1546 1858 totum
1563 1785 1659 1880 quod
1681 1809 1785 1882 super
1809 1797 1844 1860 te
1859 1789 2021 1862 fundarit

613 1915 777 1986 Dominus
801 1912 978 1985 edificium
1003 1911 1138 1984 ruinam
1160 1911 1296 2006 patiens
1317 1907 1502 2004 deperiret.
1526 1909 1655 1982 Verum
1680 1931 1760 1981 cum
1783 1931 1846 1982 nos
1866 1912 1948 1984 olim
1965 1911 2020 1984 his

611 2033 792 2108 fraudibus
809 2043 1038 2126 occurrentes,
1051 2046 1164 2106 tecum
1179 2034 1215 2104 in
1227 2032 1465 2106 reformatione
1483 2033 1591 2128 pacis,
1604 2031 1739 2104 sibene
1756 2033 1892 2126 recolis,
1906 2033 2018 2108 duxe-

609 2159 718 2229 rimus
733 2157 966 2230 ordinandum
987 2167 1026 2228 ut
1046 2157 1180 2251 siquid
1200 2156 1409 2229 adulterum
1435 2153 1480 2227 de
1501 2155 1608 2228 altero
1636 2155 1731 2249 quod
1753 2177 1874 2251 paoem
1891 2157 2019 2232 lederet

610 2281 821 2376 perveniret,
843 2281 1021 2352 latratibus
1039 2279 1291 2353 detrahentium
1324 2279 1407 2350 hinc
1437 2278 1520 2352 inde
1550 2277 1801 2372 denegaremus
1832 2280 2015 2370 auditum,

610 2406 825 2477 serenitatem
842 2413 938 2476 tuam
959 2405 1149 2497 rogandam
1173 2404 1341 2477 duximus
1359 2413 1393 2475 et
1414 2402 1623 2476 monendam
1645 2412 1816 2498 qnatenus
1839 2427 1919 2477 cum
1938 2407 2018 2479 talia

610 2525 655 2599 de
670 2527 768 2600 nohis
781 2527 827 2600 ad
842 2549 943 2599 aures
956 2537 1033 2600 tuas
1044 2529 1264 2624 perveniunt,
1275 2549 1315 2600 os
1326 2528 1444 2621 iniqua
1456 2528 1684 2621 loquentium,
1697 2527 1788 2600 siout
1797 2537 1832 2600 et
1843 2549 1906 2600 nos
1917 2551 2018 2602 versa

609 2648 686 2719 vioe
702 2647 865 2732 iacimus,
884 2648 1059 2740 obstruas,
1089 2659 1124 2722 et
1137 2649 1238 2721 nobis
1255 2659 1294 2720 ut
1308 2649 1512 2722 excellentie
1533 2657 1593 2720 tue
1613 2649 1734 2720 litteris
1751 2650 1876 2722 nostris
1888 2651 2019 2724 veritas

607 2769 813 2861 innotescat,
830 2769 950 2842 audita
965 2770 1145 2844 rescribas.
1163 2773 1221 2844 Sic
1233 2773 1360 2844 etenim
1378 2791 1451 2868 pax
1466 2771 1503 2842 in
1515 2772 1922 2862 suorigoreservabitur
1934 2773 2017 2845 etin

607 2893 662 2964 sui
676 2893 840 2966 lesionem
854 2893 977 2988 capitis
993 2916 1220 2968 susurronum
1238 2895 1402 2990 iniqnitas
1417 2895 1611 2968 mentietur.

655 3017 779 3088 Datum
794 3015 933 3109 Assish,
954 3015 1017 3088 Xll
1034 3017 1201 3091 kalendas
1219 3019 1390 3109 octobris,
1410 3015 1629 3113 pontificatus
1640 3017 1747 3089 nostri
1759 3039 1851 3090 anno
1864 3017 1924 3089 IX.

658 3139 830 3236 Scriptum
847 3150 1020 3234 estsuper
1037 3139 1105 3212 hoc
1127 3141 1291 3233 magistro
1315 3139 1440 3214 domus
1458 3139 1745 3214 Theutonicorom
1765 3149 1805 3211 ut
1821 3139 1935 3212 eidem
1950 3141 2015 3212 irn-

609 3261 757 3358 peratcri
772 3260 961 3356 praemissa
977 3260 1165 3356 prudenter
1181 3263 1308 3334 referat
1316 3271 1352 3334 et
1365 3262 1479 3358 ipsum
1491 3261 1539 3336 ad
1554 3263 1591 3336 id
1606 3262 1798 3336 studiosius
1809 3262 1964 3336 inducat.

662 3900 866 4012 Gregorius
897 3923 997 4008 papa
1017 3898 1208 3983 Friderioo
1230 3901 1491 3985 Romanorum
1508 3900 1725 4009 imperatori
1744 3901 1894 3982 nuntiat
1910 3902 2015 4010 qnod

576 4019 697 4118 'cum
732 4032 1009 4140 Theodericus,
1038 4031 1238 4115 Ravennas
1273 4033 1601 4142 archiepiscopus,
1630 4033 1867 4141 Apostolicae
1906 4033 2014 4116 Sedis

606 4170 769 4280 legatus,
790 4167 1037 4249 inuisitatem
1056 4165 1314 4250 acconensem
1330 4165 1546 4250 diffinitioni
1565 4192 1656 4250 suae
1672 4193 1805 4277 parere
1822 4165 2014 4251 nolentem

606 4301 831 4386 sententiam
858 4299 1044 4382 interdicti
1076 4299 1397 4410 promulgaverit,
1428 4300 1509 4410 ipse
1539 4299 1781 4382 interdictum
1808 4297 2011 4403 relaxavit3

606 4461 694 4518 eum
717 4457 877 4516 monens
898 4430 1039 4542 quihus
1066 4431 1346 4514 conditionibus
1370 4459 1445 4540 pax
1472 4432 1678 4515 restaurari
1695 4456 1807 4540 posse
1824 4431 2009 4514 uideatur.

688 4675 789 4754 (lidld.
805 4677 912 4752 partlm
927 4675 1088 4736 Βιιιιιιιι).
1103 4671 1211 4736 Aoaul
1228 4671 1342 4749 mlta,
1356 4681 1430 4736 tom.
1444 4673 1517 4736 xxi
1534 4675 1573 4735 ad
1592 4689 1664 4735 ann.
1681 4669 1819 4753 12³⁵&
1837 4681 1874 4734 tt
1887 4679 1917 4733 ct
1929 4681 2012 4746 tae

724 4787 831 4858 regest.
854 4781 990 4858 drogon,
1013 4780 1150 4856 llb.1X,
1174 4781 1261 4857 epist.
1278 4789 1424 4841 aso-rar.
1445 4780 1532 4840 Nunc
1557 4795 1629 4839 raro
1655 4779 1784 4856 primum
1807 4780 1841 4838 ln
1865 4779 2012 4856 integrum

725 4885 831 4947 damur
843 4903 880 4947 cx
893 4887 1008 4947 collect.
1021 4886 1147 4964 Luporte
1160 4886 1201 4948 da
1215 4886 1317 4960 Thell,
1329 4901 1378 4964 ap.
1389 4885 1529 4947 Blhlloth.
1540 4887 1645 4963 lmper.
1660 4882 1769 4962 Paris.)
