4859 6359
640 735 702 798 682
1100 736 1120 785 -’
1160 735 1334 800 llllltllltll
1359 737 1527 802 sserllll
1866 743 1946 822 [llam
1964 746 2051 809 1234.

643 870 723 951 sius
741 895 787 952 ac
803 867 953 979 imperii
970 872 1115 954 honore
1140 871 1389 978 laboraverit,
1409 897 1513 954 nunc
1532 881 1680 980 summ,
1700 899 1823 982 quum
1849 873 1931 984 ipse
1947 886 2054 986 pater

642 1002 839 1086 malevolis
863 1004 1040 1085 seductus
1063 1003 1230 1085 consiliis
1248 1031 1340 1114 erga
1367 1031 1407 1088 se
1433 1005 1568 1088 durius
1596 1017 1704 1116 aget,
1734 1006 1846 1090 illum
1872 1018 1983 1119 rogat
2009 1023 2053 1092 ut

641 1161 720 1218 una
746 1161 836 1217 cum
866 1138 1022 1219 caeteris
1049 1136 1197 1244 imperii
1224 1137 1459 1250 principibus
1487 1138 1698 1247 supplicent
1725 1139 1848 1222 eidem
1874 1143 1980 1250 quod
2010 1143 2050 1224 in

640 1267 747 1351 nullo
765 1269 951 1352 honorem
969 1295 1084 1352 suum
1101 1268 1291 1352 diminuat
1307 1269 1367 1354 rel
1384 1271 1572 1354 immutet.
1809 1253 1810 1258 Ν

719 1507 814 1588 (sut.
835 1525 883 1586 ap.
906 1510 1083 1586 murras,
1105 1508 1235 1570 Vadam.
1254 1507 1359 1586 litter„
1375 1517 1399 1574 t.
1418 1511 1449 1588 1,
1469 1529 1500 1590 p.
1523 1519 1676 1592 tes-2⁰0,
1692 1527 1734 1573 ax
1752 1513 1853 1575 eodles
1874 1515 2050 1593 Magnnttno

757 1618 810 1694 qul
824 1616 941 1677 videtur
959 1619 1088 1694 episcopt
1104 1617 1365 1678 Hildeshelmensls
1382 1617 1456 1680 llbar
1471 1620 1593 1698 coplalls
1610 1619 1713 1684 tum.
1730 1619 1819 1682 Anno
1835 1629 1924 1696 170⁸,
1944 1623 1978 1682 ln
1995 1624 2048 1682 ln-

756 1722 862 1784 ccudto
875 1723 1053 1786 athenias
1071 1724 1210 1786 cocleatim
1229 1723 1438 1804 Memnones,
1453 1723 1528 1788 dum
1540 1728 1646 1790 aum
1664 1743 1685 1788 a
1700 1727 1836 1794 annau
1852 1727 2046 1806 cbddaretur,

756 1827 866 1890 ltbrum
878 1846 998 1908 qnoque
1010 1832 1079 1908 igue
1091 1837 1300 1908 consumptum
1312 1829 1436 1910 larunt.)

681 2042 881 2134 Heinricus,
918 2042 979 2115 Dei
999 2045 1118 2139 *gratia
1142 2045 1374 2118 Romanorum
1396 2065 1462 2118 rex
1481 2055 1517 2119 et
1544 2067 1678 2142 semper
1705 2053 1895 2140 angustus,
1921 2043 2047 2118 dilecto

632 2167 857 2262 principiano
873 2165 910 2238 C.
931 2167 1121 2239 venerabili
1139 2167 1428 2242 Hildesheimensi
1444 2171 1608 2281 episcopo
1622 2172 1766 2266 gratiam
1780 2192 1879 2244 suam
1896 2179 1931 2243 et
1942 2191 2044 2242 omne

631 2291 775 2364 bouum.
794 2291 924 2363 Recolit
939 2291 1040 2386 plene
1057 2292 1236 2364 sinceritas
1256 2304 1316 2366 tua
1329 2315 1394 2366 neo
1411 2317 1432 2367 a
1448 2297 1613 2368 memoria
1626 2295 1802 2370 credimus
1816 2315 1893 2368 esse
1907 2293 2043 2390 lapsum

629 2414 777 2508 qualiter
801 2413 1042 2488 serenissimus
1070 2415 1232 2489 dominus
1257 2417 1443 2513 imperator
1459 2427 1557 2516 pater
1578 2428 1693 2492 noster
1716 2417 1763 2494 ad
1786 2417 1920 2514 apicem
1945 2415 2043 2511 regni

629 2534 831 2612 Alemannis
849 2539 884 2610 in
899 2539 1044 2634 imperio
1059 2540 1094 2612 ei
1107 2541 1252 2614 feliciter
1265 2563 1488 2634 wsuccessuros
1506 2541 1551 2615 da
1566 2551 1707 2638 paterna
1728 2539 1923 2616 dilectionis
1939 2538 2044 2612 heni-

628 2663 779 2736 volentia
792 2673 828 2738 et
844 2665 1040 2760 principum
1056 2666 1166 2760 gratia
1187 2687 1251 2740 nos
1274 2667 1461 2762 promovit.
1479 2667 1634 2764 Cumque
1660 2665 1757 2740 filiali
1774 2665 1984 2755 reverantia,
2003 2673 2045 2770 ut

626 2795 798 2880 tenemur,
821 2788 1079 2862 intenderemus
1093 2790 1163 2862 huc
1181 2813 1294 2886 nsque
1310 2789 1421 2887 ipsius
1435 2811 1498 2886 per
1515 2791 1632 2864 omnia
1645 2787 1871 2885 beneplacitis
1883 2796 1919 2862 et
1934 2807 2041 2860 man-

628 2909 738 3006 datis,
759 2913 957 2987 insistentes
972 2915 1116 2988 sollicite
1135 2962 2038 2989 .......................

630 3091 927 3111 ........
954 3038 1069 3112 cordis
1082 3037 1255 3112 desiderio
1272 3038 1483 3132 affectando,
1511 3039 1627 3113 omnia
1653 3059 1722 3134 que
1744 3037 1888 3110 fecimus
1901 3035 1938 3108 in
1954 3033 2042 3108 Ala-

625 3164 767 3236 mannia
784 3161 892 3259 digna
906 3165 1018 3237 relatu
1040 3173 1075 3237 et
1098 3164 1241 3237 consilio
1261 3163 1458 3262 principum
1475 3173 1511 3237 et
1529 3165 1717 3256 baronum,
1744 3161 1791 3236 ad
1813 3168 2039 3254 augmentum

626 3287 764 3382 imperii
780 3289 1015 3384 disposuimus
1034 3296 1069 3360 et
1090 3288 1137 3361 ad
1153 3290 1430 3384 promovendum
1449 3289 1661 3362 serenissimi
1683 3286 1790 3384 patris
1812 3284 1919 3358 nostri
1938 3307 2039 3358 com-

626 3388 769 3484 modum
783 3421 818 3485 at
831 3412 1010 3485 honorem.
1032 3411 1137 3484 Novit
1151 3412 1245 3486 enim
1260 3413 1444 3508 prudentia
1469 3423 1530 3487 tua
1547 3411 1722 3508 quomodo
1745 3410 1907 3484 dominus
1929 3430 2036 3504 papa,

625 3545 766 3631 sumpta
782 3537 981 3628 occasione,
1003 3535 1143 3609 volebat
1158 3537 1338 3610 dominum
1352 3559 1394 3610 ac
1407 3547 1539 3633 patrem
1562 3547 1718 3610 nostrum
1738 3556 1807 3607 non
1827 3533 1939 3612 solum
1953 3553 2039 3626 gra-

625 3681 728 3751 vare,
746 3681 868 3733 verum
886 3660 990 3734 etiam
1005 3660 1050 3732 ab
1069 3661 1257 3756 imperialis
1270 3661 1410 3734 honoris
1421 3660 1572 3734 culmine
1583 3659 1777 3758 deponere,
1804 3657 1850 3730 ad
1863 3655 1930 3728 hoc
1943 3655 2037 3727 omni

625 3782 767 3878 ingenio
779 3793 815 3856 et
827 3781 906 3856 totis
919 3783 1055 3856 viribus
1072 3784 1257 3880 aspirando
1271 3810 1279 3870 ;
1300 3785 1356 3856 cui
1373 3805 1437 3858 nos
1450 3793 1608 3879 patenter
1623 3791 1658 3855 et
1674 3789 1828 3880 potenter
1849 3779 2038 3852 resistimus

625 3916 660 3982 et
678 3929 742 3982 nos
755 3909 999 4006 opposuimus,
1018 3908 1260 3983 submittentes
1274 3911 1429 4006 periculo
1444 3929 1645 4004 personam,
1668 3927 1724 3978 res
1737 3903 1865 4000 pariter
1881 3911 1916 3976 et
1929 3901 2036 3974 hono-

624 4053 712 4106 rem.
727 4034 771 4106 Et
788 4056 868 4108 cum
887 4055 992 4131 super
1008 4033 1132 4108 eodem
1147 4035 1284 4130 negotio
1304 4034 1467 4108 dominus
1484 4029 1563 4104 Otto
1577 4029 1762 4106 cardinalis
1780 4027 1961 4122 legationis
1977 4025 2037 4098 ol-

623 4145 704 4231 licio
726 4160 923 4256 specialiter
951 4160 988 4231 in
1013 4160 1167 4256 partibus
1188 4156 1392 4232 Alemannis
1421 4159 1640 4252 fungeretur,
1673 4153 2032 4248 archiepiscoporum,

625 4285 866 4382 episcoporum
880 4294 916 4357 et
933 4285 1079 4357 aliorum
1092 4285 1299 4380 prelatorum
1315 4283 1485 4377 colloquia
1505 4303 1574 4377 qne
1591 4279 1638 4354 ad
1655 4275 1912 4352 incommodum
1931 4272 2035 4369 patris

623 4411 730 4483 nostri
749 4410 842 4484 idem
859 4409 1046 4482 cardinalis
1063 4409 1253 4499 indixerat,
1275 4428 1338 4504 pro
1350 4427 1450 4504 posse
1468 4415 1503 4479 et
1514 4425 1616 4479 nosse
1634 4403 1778 4477 lecimus
1792 4397 1952 4496 impediri
1964 4393 2032 4492 (l);

624 4533 872 4632 propterquod
885 4555 956 4609 non
973 4535 1085 4606 solum
1101 4524 1246 4630 predicti
1260 4533 1381 4628 legati,
1398 4553 1522 4609 verum
1536 4531 1639 4604 etiam
1652 4527 1785 4604 domini
1801 4545 1891 4620 pape
1904 4531 1940 4596 et
1956 4541 2035 4594 car-

661 4885 700 4961 (4)
717 4883 758 4944 Gt.
772 4883 1067 4961 superemmens,
1080 4879 1156 4954 tm,
1170 4897 1198 4955 p.
1211 4885 1275 4952 tto,
1289 4887 1317 4938 et
1329 4879 1363 4938 ad
1375 4893 1475 4937 annum
1489 4879 1570 4948 ⁴2³⁰,
1584 4873 1699 4948 mou,
1712 4891 1741 4950 p.
1755 4873 1818 4946 438,
1828 4869 1889 4930 lta.
