4859 6359
912 778 1164 841 DOCllllEN'l'll
1189 780 1350 843 SPURlA.
1775 779 1835 843 95¹1

424 923 539 986 nostra
561 914 699 987 Xaccae
720 914 880 987 salutem.
901 916 987 987 Cum
1005 936 1075 987 nou
1093 915 1278 989 laudabilis
1297 938 1352 989 res
1369 916 1433 988 erit
1457 916 1493 985 in
1515 914 1699 988 serenitate
1720 924 1836 989 nostra

422 1037 667 1132 augustissima
682 1045 743 1110 tua
758 1038 865 1111 multa
881 1048 917 1111 et
933 1046 1071 1111 tuomm
1085 1042 1341 1136 quamplurima
1359 1048 1595 1112 antenatornm
1613 1039 1751 1112 servitia
1766 1062 1835 1114 non

422 1176 686 1250 recognoscere,
707 1155 788 1229 ideo
811 1156 929 1231 habita
949 1158 1223 1233 consideratione
1242 1160 1288 1233 ad
1310 1160 1430 1232 merita
1455 1169 1591 1232 tuorum
1610 1159 1833 1253 Bnrgentinm

423 1289 661 1353 antenatorum
686 1280 853 1375 acquisita
871 1300 935 1376 pro
959 1290 1010 1354 tot
1029 1282 1178 1355 servitiis
1196 1282 1347 1377 prestitis
1370 1282 1612 1355 Northmannis
1636 1281 1760 1355 nostris
1780 1282 1834 1353 in·

422 1403 621 1476 victissimis
643 1404 917 1477 antecessoribus
937 1405 1097 1498 regibus,
1119 1413 1154 1477 et
1172 1406 1350 1500 presertim
1371 1428 1392 1479 a
1413 1406 1564 1478 Ruberto
1587 1414 1621 1477 et
1643 1405 1835 1499 Guglielmo

422 1535 484 1599 tuo
501 1535 598 1622 patre
621 1537 656 1601 et
671 1549 753 1620 aro,
774 1548 923 1622 quorum
940 1529 1171 1622 Guglielmus,
1192 1538 1311 1625 utpote
1334 1552 1424 1602 unus
1444 1550 1490 1601 ex
1512 1529 1636 1601 nostris
1653 1529 1750 1620 regni
1771 1529 1833 1601 ba·

423 1650 584 1740 renibus,
605 1651 643 1723 in
666 1653 887 1726 coronatione
906 1654 1012 1727 nostri
1030 1650 1285 1751 [antecessoris]
1304 1654 1396 1747 regis
1415 1652 1599 1747 Guglielmi
1620 1654 1765 1727 securuli
1781 1654 1834 1725 in·

423 1775 539 1846 terlnit
552 1776 760 1849 Panormum
783 1797 875 1848 anuo
900 1777 994 1847 troc
1018 1786 1053 1849 et
1074 1776 1239 1851 intereos
1256 1777 1508 1873 ripartitusqui
1533 1798 1744 1871 purpureum
1758 1778 1834 1873 pal-

422 1897 509 1970 lium
525 1920 633 1995 super
644 1899 759 1994 regios
771 1898 934 1973 humeros
949 1900 1199 1995 imposuerunt,
1215 1908 1255 1971 ut
1270 1900 1306 1971 in
1321 1900 1406 1973 rollo
1420 1900 1559 1994 legitur,
1577 1909 1611 1973 et
1625 1898 1669 1973 de
1681 1900 1833 1974 lluberto

422 2021 484 2115 qui
502 2022 588 2093 mibi
603 2022 741 2096 oblatus
762 2031 815 2094 est
833 2023 994 2118 quamvis
1009 2024 1045 2094 in
1063 2022 1238 2118 decrepita
1258 2032 1347 2097 etate
1365 2044 1500 2095 mecum
1519 2024 1555 2094 in
1570 2023 1660 2095 bello
1674 2023 1833 2097 Hieroso·

422 2143 589 2239 lymitano
615 2166 692 2218 sese
714 2147 915 2233 transferre,
938 2148 1047 2219 veluti
1074 2167 1224 2240 sequens
1248 2147 1397 2240 vestigia
1424 2146 1624 2219 Ferrandini
1644 2157 1679 2221 et
1705 2148 1832 2220 Nicasii

423 2264 507 2338 dicti
530 2264 715 2362 Guglielmi
741 2270 908 2359 fratrum,
923 2270 960 2341 in
979 2268 1179 2364 supradicto
1200 2269 1361 2365 hospitali
1380 2269 1608 2362 crucesignati
1633 2269 1669 2341 in
1696 2291 1833 2343 eorum·

422 2410 492 2483 que
509 2389 681 2465 consortio
706 2394 900 2487 aggregati,
921 2402 960 2464 ut
977 2392 1014 2463 in
1036 2392 1144 2465 literis
1160 2393 1304 2466 rectoris
1326 2401 1361 2465 et
1381 2392 1536 2485 magistri
1561 2393 1716 2485 ejusdem
1740 2394 1833 2469 dicto

422 2514 496 2608 regi
519 2514 709 2609 Guglielmo
730 2516 867 2611 scriptis
889 2516 925 2586 in
946 2514 1086 2588 landem
1108 2514 1281 2589 dictorum
1303 2517 1446 2588 fratrum
1462 2515 1600 2612 legitur,
1623 2517 1740 2609 quiin
1766 2518 1833 2590 bu-

422 2659 548 2711 manae
564 2648 598 2711 et
615 2638 755 2711 divinae
777 2639 963 2732 majestatis
988 2639 1168 2712 servitium
1192 2640 1400 2733 sanguinem
1421 2638 1662 2731 effunderunt3
1691 2638 1737 2712 de
1764 2642 1832 2713 tuis

422 2771 542 2857 postea
554 2763 800 2857 augustissimo
814 2763 957 2835 culmini
968 2774 1084 2837 nostro
1096 2764 1269 2859 praestitis
1276 2762 1489 2861 superfluum
1501 2764 1564 2835 erit
1577 2764 1730 2857 loquere,
1747 2764 1832 2839 dnm

422 2886 490 2957 mei
508 2885 577 2981 ipsi
589 2886 682 2959 oculi
701 2895 805 2960 testes
819 2907 895 2960 esse
910 2898 1054 2983 possunt
1068 2887 1114 2961 de
1126 2888 1196 2960 tuis
1210 2888 1394 2983 prodigiis,
1414 2908 1494 2959 cum
1514 2896 1573 2959 tuo
1594 2896 1747 2962 eudemo
1770 2911 1831 2963 va·

422 3010 494 3084 lore
521 3031 601 3083 cum
623 3008 780 3107 periculo
804 3012 899 3085 vitae
921 3022 1071 3085 castrum
1095 3010 1390 3109 Calataiercneuse
1407 3032 1429 3083 a
1446 3010 1588 3084 rubellis
1604 3009 1654 3107 (c)
1670 3013 1831 3087 invasum
1854 2992 1857 2997 ⁵

422 3132 644 3229 expugnasti.
659 3137 742 3210 Ideo
757 3158 821 3210 nos
838 3145 1121 3231 recognoscentes
1140 3143 1201 3210 tua
1219 3144 1426 3230 tuorumque
1441 3135 1580 3230 egregia
1594 3136 1745 3229 servitia,
1767 3137 1829 3209 tibi

422 3267 538 3331 nostro
552 3258 678 3332 dilecto
695 3269 730 3332 st
742 3269 912 3333 extrenuo
924 3259 1025 3331 militi
1039 3257 1233 3353 Gugliclmo
1253 3259 1299 3333 de
1313 3258 1518 3353 Bargioram
1534 3258 1664 3332 lamilia
1681 3268 1830 3333 castrum

420 3391 501 3455 ate
522 3391 761 3479 expugnatum
787 3382 1083 3457 Calataieronense
1114 3381 1285 3456 donamus
1312 3381 1539 3476 ejusdemque
1566 3392 1676 3457 terrae
1701 3386 1829 3479 guber·

421 3506 519 3578 nium
531 3508 756 3582 concedimus
773 3519 834 3581 tua
852 3508 924 3580 vita
939 3506 1087 3581 durante
1104 3506 1173 3579 tuis
1190 3505 1368 3578 laboribus
1382 3505 1552 3597 debitum,
1568 3528 1648 3578 cnm
1669 3510 1829 3583 omnibus

420 3631 490 3703 illis
499 3630 637 3724 juribus
651 3641 688 3705 et
707 3631 922 3727 pertinentiis
934 3631 1063 3726 quibus
1077 3630 1231 3725 gaudere
1251 3651 1335 3701 usus
1351 3610 1416 3701 luit
1432 3638 1548 3702 noster
1564 3630 1660 3703 miles
1677 3630 1722 3705 de
1740 3632 1830 3705 Lan·

421 3754 558 3845 dolina;
577 3763 613 3828 et
626 3763 667 3827 ut
680 3754 792 3849 magis
812 3763 948 3827 nostrae
965 3754 1183 3849 gratitudinis
1205 3752 1450 3847 largitudinem
1473 3762 1694 3847 nostramque
1716 3756 1829 3827 muni·

421 3876 596 3952 licentiam
616 3900 805 3973 agnoscas,
831 3878 895 3950 tibi
917 3876 1043 3952 dilecto
1063 3888 1178 3951 nostro
1202 3876 1303 3949 militi
1324 3875 1516 3971 Gugliclmo
1537 3898 1605 3949 non
1630 3879 1740 3951 solum
1764 3902 1828 3975 gu·

421 4004 581 4077 bernium
597 4005 699 4078 castri
714 4014 748 4077 et
762 4003 1124 4077 terraeCalataieronis
1138 4012 1198 4077 tua
1216 4003 1288 4075 vita
1302 4001 1449 4074 durante
1460 4002 1694 4096 concedimus,
1708 4024 1829 4077 verum

421 4128 524 4201 etiam
545 4137 581 4201 et
602 4129 707 4201 totius
725 4128 827 4201 vallis
850 4128 926 4200 Neti
949 4127 985 4199 in
1005 4137 1119 4200 nostro
1138 4126 1276 4199 Siciliae
1297 4126 1387 4198 ultra
1402 4126 1528 4197 Farum
1554 4146 1661 4218 regno
1688 4127 1826 4221 vicege-

421 4262 553 4325 reutem
581 4253 761 4344 volumus,
796 4272 953 4326 creamus
977 4259 1014 4323 et
1036 4249 1332 4343 recognoscimus,
1360 4271 1424 4344 per
1446 4248 1543 4343 quod
1573 4258 1705 4322 nostras
1732 4250 1828 4323 vices

422 4376 570 4451 durante
591 4386 707 4451 nostra
731 4377 886 4450 absentia
906 4396 1026 4469 gerere
1048 4374 1167 4448 valeas
1190 4382 1226 4447 et
1254 4372 1394 4447 debeas.
1425 4374 1602 4468 Propterea
1623 4372 1828 4447 officialibus

421 4502 583 4574 omnibus
598 4502 722 4576 nostris
738 4502 988 4595 cujuscumque
1000 4496 1129 4594 gradus
1140 4499 1177 4570 in
1194 4505 1310 4571 nostro
1326 4494 1463 4568 Siciliae
1478 4496 1565 4569 ultra
1580 4496 1703 4569 Farum
1718 4516 1826 4590 regno

422 4627 614 4700 constitutis
635 4636 706 4701 tarn
727 4626 896 4722 supremis
911 4646 1017 4720 quam
1038 4622 1167 4695 inlimis
1191 4621 1358 4713 dicimus,
1379 4619 1604 4715 precipimus,
1627 4618 1828 4693 ordinamus

462 4905 506 4988 (a)
526 4908 586 4985 sa,
601 4909 862 4986 verumutetur
874 4886 1036 4970 nauum
