4859 6359
613 789 675 853 938
1155 788 1466 853 contrabium

618 923 717 1009 oriri,
744 930 936 995 statuerunt
960 922 1093 1015 legatos
1122 944 1170 997 ex
1193 922 1245 996 eis
1270 924 1364 996 viros
1391 922 1524 995 nobiles
1547 932 1583 994 et
1610 921 1797 1017 prudentes
1822 923 1868 995 ad
1894 926 2019 996 summi

617 1044 789 1141 pontilicis
814 1046 1088 1141 magnitudinem
1111 1046 1278 1141 dirigere,
1297 1046 1535 1121 celsitudinem
1554 1054 1589 1118 et
1606 1046 1843 1119 excellentiam
1866 1068 1965 1120 suam
1988 1060 2022 1121 et

618 1173 831 1264 majestatem
856 1169 978 1242 humili
1007 1190 1093 1243 voce
1119 1180 1154 1243 et
1179 1171 1414 1243 attentissimis
1443 1168 1604 1267 precibus
1632 1178 1814 1243 exorantes
1842 1170 1956 1265 ipsum
1989 1182 2022 1244 et

617 1294 813 1367 omnimode
838 1292 1039 1366 inducentes
1056 1302 1096 1365 ut
1112 1293 1162 1365 sic
1180 1290 1324 1393 agere[t]
1346 1304 1380 1367 et
1403 1315 1543 1389 operam
1562 1291 1735 1366 efficacem
1761 1291 1953 1393 prestare[t]
1976 1316 2020 1367 ne

615 1418 799 1513 imperator
816 1416 862 1490 ad
879 1416 1073 1489 Loubardie
1087 1423 1201 1511 partes
1219 1416 1326 1511 possit
1340 1434 1404 1489 nec
1419 1414 1546 1488 debeat
1561 1436 1642 1487 cum
1658 1416 1814 1487 exercitu
1833 1416 2015 1503 acoedere;

613 1538 846 1635 significantes
869 1540 902 1613 ei
922 1540 952 1613 si
975 1540 1041 1613 boc
1062 1540 1173 1613 lacere
1190 1550 1419 1635 presumeret,
1435 1538 1531 1633 quod
1551 1538 1809 1612 incommodum
1835 1540 1962 1635 pariter
1985 1550 2019 1613 el

613 1664 854 1739 detrimentum
868 1666 1018 1739 Romane
1031 1674 1146 1760 posset
1157 1664 1240 1738 inde
1251 1666 1416 1761 consequi
1427 1664 1590 1753 Ecclesie‚
1606 1664 1665 1755 [si]
1684 1686 1765 1737 curn
1785 1664 1940 1737 exercitu
1954 1685 2018 1739 suo

612 1788 659 1862 ad
677 1790 849 1862 civitatem
865 1789 1003 1861 llaveue
1022 1788 1234 1863 accessisset.

917 1988 1118 2084 Colloqttiom
1134 1990 1345 2085 comatoria
1361 1991 1399 2062 in
1423 1990 1552 2063 oeteo
1571 1990 1712 2061 nanee

660 2139 789 2213 Eodem
804 2149 957 2234 tempore
973 2148 1008 2213 et
1030 2140 1067 2211 in
1084 2138 1206 2213 eadem
1224 2140 1458 2213 incarnatione
1474 2138 1675 2231 Fodericus,
1694 2140 1925 2215 Romanorum
1946 2140 2018 2213 im-

610 2274 759 2359 perator,
784 2264 903 2335 statuit
934 2264 1141 2358 colloquium
1168 2264 1523 2359 archiepiscoporum,
1550 2264 1806 2359 episcoporum,
1831 2265 2015 2353 abbatum,

609 2387 819 2483 principum,
842 2387 1019 2479 comitum,
1046 2387 1303 2477 marchionum,
1322 2387 1492 2461 baronum
1517 2397 1553 2461 et
1569 2388 1716 2461 aliorum
1739 2387 1892 2460 viromm
1917 2387 2018 2459 nobi-

610 2511 698 2585 lium
712 2512 749 2583 in
769 2511 908 2584 civitate
926 2512 1064 2584 llavene
1080 2512 1117 2582 in
1142 2512 1228 2583 leste
1243 2510 1405 2583 Omnium
1430 2512 1644 2585 Sanctorum.
1663 2510 1753 2583 Cum
1781 2519 1896 2583 autem
1925 2510 2018 2585 idem

608 2635 792 2731 imperator
807 2634 1014 2731 percepisset
1030 2634 1161 2709 dictum
1180 2635 1394 2729 colloquium
1415 2636 1547 2729 integre
1566 2635 1739 2709 celabmre
1757 2636 1900 2707 minime
1917 2656 2019 2731 posse

609 2769 748 2856 propter
772 2760 908 2832 illorum
928 2759 1120 2833 absentiam
1138 2760 1199 2853 qui
1223 2760 1290 2853 ipsi
1315 2760 1488 2854 colloquio
1510 2758 1676 2835 accedere
1701 2758 1893 2847 debebant,
1918 2777 2019 2831 com-

609 2883 785 2957 municato
812 2882 977 2956 conscilio
1000 2882 1198 2977 promgavit
1211 2883 1420 2977 colloquium
1445 2904 1559 2977 usque
1583 2882 1630 2957 ad
1657 2880 1813 2957 medium
1841 2881 2015 2953 martium.

610 3006 687 3093 Quo
703 3006 805 3097 iacto,
826 3003 918 3079 idem
940 3006 1125 3102 imperator
1143 3004 1242 3080 dedit
1263 3006 1299 3079 in
1324 3004 1496 3083 mandatis
1520 3004 1805 3103 archiepiscopis,
1827 3006 2014 3101 episcopis,

609 3131 805 3224 comitibus,
829 3130 1030 3219 baronibus,
1060 3130 1275 3227 principibus
1301 3141 1336 3203 et
1362 3132 1448 3205 viris
1475 3132 1652 3205 nobilibus
1679 3140 1719 3205 ut
1746 3129 1794 3205 ad
1822 3130 2017 3225 predictum

609 3255 795 3329 termirmm
815 3254 862 3328 ad
886 3254 973 3329 illud
999 3256 1209 3350 colloquium
1233 3254 1398 3329 accedere
1422 3256 1601 3331 deberent.
1622 3256 1660 3329 ln
1680 3256 1756 3353 ipsa
1771 3277 1857 3329 vero
1878 3255 2017 3327 civitate

611 3379 1198 3475 moramiecitpertotamyemem.
1752 3384 1755 3391 '

679 3580 880 3677 Colloqcicm
902 3591 1066 3653 rectorum
1089 3582 1278 3654 Loubardie
1302 3592 1333 3654 et
1352 3578 1578 3653 cardinalium
1593 3580 1629 3651 in
1644 3580 1778 3651 civitctc
1794 3576 1949 3649 Bononio.

657 3734 777 3806 Mense
798 3754 882 3807 vero
900 3734 1059 3828 proximo
1081 3733 1264 3825 lebruarii,
1282 3733 1475 3807 cardinales
1498 3739 1616 3805 sancta
1635 3730 1789 3803 Ecclesie
1808 3726 1855 3821 (a)
1872 3724 2019 3801 lacobus

612 3857 831 3930 Penestrinus
857 3857 1041 3953 episcopus
1065 3857 1195 3929 electus
1221 3866 1256 3929 et
1279 3857 1357 3929 Otto
1385 3856 1473 3928 tituli
1500 3854 1616 3929 Sancti
1642 3850 1794 3927 Nicbolai
1819 3852 1855 3923 in
1883 3870 2018 3923 carcerc

612 3979 769 4053 Tulliano
787 3980 989 4072 cardinalia,
1009 3981 1135 4053 summi
1152 3979 1324 4076 pontilicis
1342 3958 1463 4075 legati,
1485 3999 1590 4075 super
1608 3974 1792 4051 concordia
1811 3973 2016 4067 inquirenda

612 4111 648 4175 et
663 4101 900 4195 componenda
917 4102 1006 4175 inter
1020 4104 1235 4195 Federicum,
1255 4103 1485 4177 Romanorum
1503 4102 1755 4197 imperatorem,
1770 4107 1805 4169 et
1818 4095 2016 4169 lonbardos

613 4226 801 4298 Bononbm
822 4235 1050 4299 accessemnt.
1071 4227 1138 4313 Qui
1166 4249 1244 4300 cum
1271 4228 1461 4301 rectoribus
1487 4224 1658 4299 societatis
1680 4220 1873 4295 lonbardie
1897 4220 1933 4293 in
1952 4220 2017 4293 lra-

613 4349 727 4423 lendis
747 4349 860 4421 martii
883 4324 1092 4444 colloquium
1112 4351 1149 4423 iu
1166 4352 1243 4447 ipsa
1263 4360 1454 4424 statuerunt
1470 4350 1626 4437 civitate,
1650 4346 1772 4421 mutes
1789 4346 1826 4417 iu
1849 4343 2019 4417 mandatis

614 4495 677 4571 per
692 4473 833 4546 nuutios
846 4494 928 4546 suos
941 4474 1131 4547 rectoribus
1149 4476 1423 4569 uniuscujusque
1433 4473 1582 4547 civitatis
1594 4470 1765 4547 societatis
1777 4466 2019 4543 Loubardieut

614 4599 651 4671 in
667 4597 791 4671 eodem
804 4598 950 4672 termino
963 4597 1009 4671 ad
1025 4598 1112 4673 illud
1123 4620 1202 4671 cum
1216 4600 1301 4673 viris
1315 4598 1544 4695 prudentibus
1555 4596 1719 4671 deberent
1732 4592 1898 4667 accedere
1916 4592 2019 4665 collo-

613 4722 749 4817 quium.
758 4720 813 4793 Ad
824 4722 932 4817 quod,
940 4732 1042 4817 prout
1053 4723 1090 4793 iu
1104 4723 1276 4797 mandatis
1285 4722 1490 4815 habuerant,
1501 4722 1699 4797 festinanter
1707 4714 2018 4815 perrexeruntibi-

653 4894 696 4977 (a)
716 4899 752 4959 ln
765 4896 866 4960 codlce
878 4895 1037 4960 meac
1049 4895 1160 4960 Scicillc
1171 4906 1207 4962 et
