4859 6359
446 719 543 777 lanrcr.
559 718 604 793 8.]
897 713 1092 775 ursionis
1118 711 1408 776 uiutomurictt
1798 711 1853 770 'tal

447 850 596 932 civitate
620 849 813 960 Konigsau
840 858 877 930 et
904 873 1067 958 augeam
1107 873 1219 930 suam
1254 847 1294 928 in
1325 841 1589 941 aninsheim,
1623 843 1855 952 mandatque

448 981 669 1064 custodibus
695 991 909 1064 castrorum
934 978 1127 1064 blalberch
1157 989 1195 1062 et
1220 976 1493 1063 Weilrersheim
1520 984 1558 1057 et
1583 974 1743 1056 civitatis
1769 975 1853 1058 llb-

450 1115 586 1223 nigsau
613 1139 663 1197 ne
696 1113 933 1222 praedictum
967 1110 1154 1220 hospitale
1189 1110 1435 1220 aliquomodo
1461 1109 1663 1192 molestare
1694 1135 1856 1216 praesu-

450 1258 570 1329 mant.

531 1448 544 1527 (
551 1449 699 1510 lnedltum
714 1463 754 1508 ex
766 1445 901 1526 originali
913 1448 946 1506 ln
967 1445 1089 1507 archivo
1101 1444 1302 1524 paucerum
1314 1443 1553 1522 Argenttnensis,
1569 1462 1585 1500 ι
1600 1442 1694 1503 Titus
1703 1439 1858 1523 (1ιῖἠόρί-

570 1551 616 1615 tal
626 1551 829 1635 d'liaqucnou.
842 1572 859 1610 a
872 1551 1009 1630 Sigillum
1022 1552 1159 1612 avulsum
1175 1553 1277 1628 perlit,
1293 1547 1512 1610 remanentibus
1522 1553 1639 1610 tantum
1653 1547 1767 1612 hlomm
1780 1553 1858 1612 sarl-

571 1677 675 1722 corum
685 1661 816 1732 laciniis,
827 1658 1042 1736 amarantbinl,
1055 1657 1127 1717 ssavi
1140 1658 1302 1736 viridisque
1314 1655 1444 1732 eoloris.)

501 1833 698 1922 heinricus,
719 1831 782 1904 Dei
807 1830 918 1926 gratia
934 1831 1167 1902 Romanomm
1188 1851 1252 1901 rex
1270 1839 1304 1902 et
1323 1849 1459 1923 semper
1479 1837 1664 1922 augustus,
1692 1829 1861 1902 universis

456 1955 588 2049 imperii
599 1953 760 2028 fidelibus
771 1953 900 2049 quibus
911 1973 1053 2048 presens
1065 1951 1177 2024 littera
1188 1952 1288 2024 luerit
1303 1960 1438 2024 ostensa
1448 1950 1592 2045 gratiam
1602 1971 1700 2022 suam
1713 1963 1748 2024 et
1759 1973 1862 2028 omne

456 2080 600 2152 bonum.
619 2079 709 2166 Quia
727 2102 788 2174 per
806 2080 1020 2173 frequentem
1034 2077 1300 2150 elemosinarum
1318 2075 1532 2170 largitionem
1549 2075 1696 2149 Domino
1719 2086 1863 2152 testante

457 2203 572 2276 omnia
586 2203 717 2276 munda
737 2213 854 2290 erunt,
883 2203 1029 2297 dignum
1048 2201 1223 2275 videbitur
1246 2213 1281 2274 et
1298 2202 1399 2275 saluti
1416 2201 1531 2275 anime
1552 2201 1738 2296 plurimum
1754 2223 1863 2300 expe·

459 2327 715 2422 direquodnos
727 2328 788 2423 qui
806 2329 842 2398 in
856 2327 960 2399 rebus
974 2327 1220 2422 temporalibus
1231 2327 1377 2398 Domino
1391 2325 1596 2421 providente
1609 2327 1718 2398 tocius
1732 2327 1863 2400 habun-

459 2452 576 2526 dantia
593 2452 808 2547 possidemus
825 2450 1086 2546 plenitudinem,
1099 2450 1208 2545 ipsius
1226 2452 1329 2522 etiam
1344 2450 1463 2522 amicis
1476 2451 1556 2542 jure
1575 2450 1725 2522 minimis
1742 2451 1864 2524 Christi

459 2576 670 2673 pauperihus
685 2597 809 2648 manus
822 2573 1058 2648 misericordie
1075 2573 1264 2668 aliquando
1276 2575 1505 2670 porrigamus.
1519 2573 1743 2648 Attendentes
1761 2575 1866 2669 igitur

461 2709 589 2794 quanta
615 2699 799 2773 devotione
815 2697 889 2770 divi
912 2700 1147 2794 progenitores
1171 2699 1279 2771 nostri
1303 2699 1440 2792 gloriosi
1463 2699 1682 2794 imperatores
1705 2699 1866 2776 dominus

460 2824 652 2897 Fridericus
666 2832 701 2896 et
718 2823 882 2896 dominus
896 2823 1076 2894 Heinricus
1097 2844 1185 2895 avus
1203 2832 1318 2894 noster
1336 2821 1478 2893 domum
1496 2823 1672 2917 hospitalis
1692 2824 1726 2893 iu
1750 2827 1863 2918 Hage-

462 2970 564 3021 nowe
580 2948 777 3021 elemosinis
794 2957 828 3019 et
851 2947 1031 3019 structuris
1050 2946 1234 3019 salubriter
1255 2947 1289 3016 iu
1311 2944 1419 3018 tundo
1437 2945 1576 3040 proprio
1593 2943 1786 3019 edificatam
1804 2969 1867 3021 or-

463 3082 631 3146 naverunt
648 3081 689 3144 ut
704 3072 835 3144 ibidem
851 3072 1061 3167 pauperibus
1076 3047 1211 3144 Domini
1227 3081 1262 3144 et
1279 3073 1352 3142 suis
1363 3072 1423 3166 qui
1442 3079 1573 3143 tantum
1592 3071 1770 3144 hominum
1782 3095 1867 3170 pro-

463 3197 642 3291 spicientes
656 3197 877 3268 elemosinam
892 3198 928 3266 in
947 3195 1122 3268 laboribus
1138 3219 1200 3292 per
1213 3217 1303 3290 quos
1320 3195 1390 3267 vite
1406 3196 1597 3268 necessaria
1620 3198 1868 3292 conquirebant

464 3318 673 3409 deiecerunt,
681 3320 796 3391 rictus
806 3318 988 3392 salubriter
996 3317 1473 3408 ministretur,insubsidium
1483 3341 1672 3415 pauperum
1681 3322 1866 3395 etiratrum

464 3443 593 3515 ordinis
602 3443 926 3516 Premonstrateusis
939 3443 1069 3516 ibidem
1081 3443 1227 3515 Domino
1239 3442 1491 3533 famulantium,
1503 3444 1718 3539 parrochiam
1729 3445 1765 3517 in
1775 3469 1867 3522 nova

466 3568 602 3640 civitate
612 3577 727 3640 nostra
743 3569 986 3662 liunegesowe
1003 3590 1073 3662 que
1085 3568 1121 3639 in
1137 3567 1246 3639 tundo
1262 3575 1378 3640 nostro
1392 3567 1531 3662 proprio
1544 3579 1738 3642 constructa
1754 3569 1869 3646 dinos-

466 3692 651 3781 citur‚cum
666 3693 828 3766 omnibus
841 3694 977 3786 juribus
992 3693 1173 3788 parrochie
1187 3693 1412 3765 attinentibus
1427 3715 1497 3786 que
1507 3715 1601 3765 nunc
1617 3694 1720 3767 habet
1734 3698 1789 3767 vel
1801 3720 1870 3794 que

467 3815 686 3910 inposterum
702 3815 855 3908 babebit,
864 3816 1025 3912 hospitali
1043 3817 1078 3888 in
1091 3819 1292 3910 Hagenowe
1308 3817 1516 3889 contulimus
1533 3819 1774 3912 perpetualiter
1789 3842 1871 3916 pos-

468 3938 657 4012 sidendam,
671 3939 833 4034 vestigiis
857 3941 960 4012 etiam
991 3941 1246 4037 progenitorum
1273 3952 1464 4013 nostrorum
1490 3940 1704 4033 inherentes,
1724 3967 1869 4040 augeam

468 4073 615 4135 nostram
638 4063 673 4135 in
691 4063 917 4136 Buzensheim
934 4087 1004 4159 que
1021 4087 1129 4160 prope
1151 4087 1275 4138 novam
1299 4065 1470 4138 civitatem
1489 4065 1554 4137 sita
1570 4065 1719 4158 videtur,
1740 4071 1869 4144 eisdem

470 4187 627 4259 iratribus
642 4189 850 4260 contulimus
867 4189 969 4283 pleno
982 4190 1061 4281 jure
1075 4198 1114 4260 ut
1135 4187 1201 4284 ipsi
1222 4211 1262 4262 ea
1286 4189 1321 4260 in
1339 4188 1406 4261 hiis
1423 4210 1492 4283 que
1509 4191 1601 4263 culta
1620 4201 1654 4263 et
1671 4191 1798 4266 inculta
1815 4197 1872 4267 vi·

471 4309 604 4403 dentur,
614 4311 876 4405 quoadutilitati
888 4333 1007 4384 eorum
1018 4310 1193 4384 videbitur
1202 4311 1382 4408 expedire,
1392 4313 1499 4385 libere
1509 4313 1872 4392 utantur.blaudamus

471 4433 583 4529 itaqua
608 4443 643 4506 et
665 4435 731 4507 sub
753 4446 895 4531 optentu
920 4435 1030 4529 gratie
1051 4443 1167 4507 nostre
1189 4434 1384 4508 firmissime
1410 4436 1614 4532 precipimus
1635 4437 1731 4532 quod
1754 4441 1872 4515 nullus

471 4559 701 4647 scultetorum,
727 4558 972 4633 advocatorum
992 4559 1067 4632 sive
1084 4558 1232 4630 aliorum
1250 4579 1549 4656 quorumcumque
1563 4561 1691 4656 quibus
1707 4583 1873 4656 procura-

473 4681 597 4755 tionem
613 4693 647 4755 et
663 4685 855 4757 custodiam
871 4686 908 4756 in
926 4683 1045 4756 castris
1056 4682 1180 4755 nostris
1194 4683 1367 4755 Malberch
1384 4693 1419 4756 et
1436 4683 1679 4757 Wiklrirsheim
1698 4695 1733 4756 et
1749 4685 1783 4756 in
1799 4688 1872 4782 ipsa

473 4806 607 4878 civitate
626 4807 869 4904 liunegesowe
885 4809 1148 4899 committimus,
1165 4807 1359 4902 predictum
1373 4809 1539 4906 hospitale
1554 4819 1587 4883 et
1605 4811 1726 4884 iratres
1744 4810 1780 4883 iu
1799 4813 1872 4908 ipsa

567 4931 622 4992 lv.
642 4945 697 4989 rm
708 4947 731 4990 a.
1679 4941 1714 4995 at
