4859 6359
980 778 1294 841 ADDITAMENTA.
1783 773 1844 837 95³
1859 768 1861 773 ’

433 941 495 1014 per
511 919 672 991 nuntium
696 914 810 990 eidem
828 913 970 987 domino
992 923 1109 988 nostro
1130 915 1219 1009 patri
1238 912 1456 987 studebimus
1474 912 1737 1009 suggerentium
1755 910 1839 983 inti-

433 1065 530 1117 mare
548 1062 735 1139 personas,
753 1048 788 1113 et
811 1039 1007 1111 nullatenus
1027 1040 1135 1111 verba
1153 1039 1211 1111 illa
1229 1038 1285 1111 vel
1313 1039 1403 1111 iacta
1421 1038 1593 1134 patiemur
1619 1048 1738 1109 contra
1758 1056 1840 1108 eum

351 1179 354 1184 '
432 1168 559 1241 habere
572 1186 782 1262 processum.
802 1162 859 1235 Ad
874 1165 1039 1255 majorem
1060 1183 1202 1257 quoque
1220 1162 1412 1253 cantelam,
1431 1172 1471 1235 ut
1483 1170 1596 1258 preter
1612 1158 1840 1256 jurisjurandi

432 1312 578 1386 penam,
599 1310 670 1384 que
686 1287 929 1383 triumphantis
945 1287 1096 1360 Ecclesie
1110 1285 1243 1379 judicio
1265 1288 1447 1381 irrogatur,
1466 1286 1495 1359 si
1511 1295 1628 1359 contra
1645 1286 1843 1358 veniremus

433 1434 579 1487 censure
613 1413 853 1505 subjaceamus
881 1412 1034 1485 Ecclesie
1069 1411 1267 1502 militantis,
1293 1432 1397 1505 super
1425 1410 1492 1483 hoo
1516 1432 1579 1483 nos
1612 1408 1776 1482 mundato
1808 1416 1844 1481 et

428 1534 641 1628 jurisditioni
672 1544 790 1607 sancte
815 1536 968 1607 Romane
991 1535 1144 1608 Ecclesie
1169 1534 1215 1607 de
1239 1556 1403 1630 expressa
1428 1544 1463 1607 et
1486 1534 1636 1627 gratuita
1666 1534 1843 1606 voluntate

433 1668 550 1733 nostra
566 1658 770 1732 subicimus.
791 1660 842 1731 lta
860 1658 1040 1745 videlieet,
1059 1669 1100 1731 nt
1117 1658 1218 1731 nobis
1236 1658 1578 1732 contravenientibus
1596 1659 1633 1730 in
1649 1656 1766 1752 aliquo
1785 1659 1842 1731 vel

433 1787 625 1872 intutum,
651 1783 754 1857 iiceut
778 1783 879 1857 vobis
904 1791 940 1855 et
960 1783 1218 1857 suecessoribus
1242 1784 1367 1857 vestris
1394 1782 1441 1857 ad
1470 1782 1729 1879 requisitionem
1758 1780 1844 1855 dicti

435 1909 542 2004 patris
572 1908 698 1999 nostri,
729 1908 825 1981 nulla
856 1907 1092 1981 admonitione
1119 1906 1285 2001 premissa
1316 1908 1373 1979 vel
1399 1906 1542 2003 strepitu
1565 1906 1689 2000 judicii
1717 1907 1843 1979 obser-

435 2044 529 2125 vato,
547 2033 683 2106 ratione
697 2033 841 2127 periurii
859 2032 1174 2105 excommunicatos
1191 2053 1254 2105 nos
1269 2030 1485 2120 denuntiare,
1505 2044 1539 2104 et
1556 2033 1607 2103 sic
1624 2052 1686 2129 pro
1701 2052 1843 2105 exeom-

437 2158 628 2231 municatos
639 2156 784 2249 habere,
803 2177 986 2251 quousque
998 2155 1143 2251 proinde
1155 2158 1228 2229 Deo
1242 2164 1282 2229 et.
1295 2154 1449 2251 predicto
1468 2156 1609 2229 domino
1625 2155 1714 2252 patri
1728 2163 1857 2228 nostro*

435 2281 687 2354 satisfaciamus
704 2281 752 2353 ad
772 2282 933 2375 plenum,
952 2302 996 2354 ao
1011 2280 1041 2352 si
1063 2289 1183 2353 contra
1197 2300 1263 2353 nos
1282 2280 1456 2353 sollemnis
1477 2278 1846 2353 excommunicationis

436 2405 606 2478 sententia
623 2405 692 2479 lata
715 2406 814 2478 foret.
837 2404 893 2479 Ad
923 2406 1023 2497 cujus
1049 2404 1100 2477 rei
1125 2404 1349 2491 memoriam,
1370 2424 1511 2499 presens
1534 2403 1700 2499 scriptum
1717 2402 1792 2475 fieri
1813 2412 1848 2475 et

436 2528 532 2602 buliu
549 2548 656 2602 aurea
675 2529 810 2625 typario
824 2537 940 2602 nostre
955 2527 1142 2621 majestatis
1155 2528 1323 2624 impressa
1337 2528 1506 2621 jussimus
1518 2526 1733 2600 communiri.

485 2654 610 2724 Datum
634 2650 729 2747 npud
751 2651 963 2747 Augustam,
986 2673 1078 2725 anno
1100 2650 1275 2725 dominice
1298 2651 1543 2726 incarnationis
1562 2649 1844 2743 mccxxxtl,

436 2785 560 2873 quarto
573 2775 658 2850 idus
672 2775 804 2872 aprilis,
823 2776 1014 2851 indictione
1030 2774 1179 2871 quinta(
1203 2775 1230 2871 ).

491 3370 696 3479 Henrious,
717 3370 978 3454 Romanorum
1005 3396 1090 3477 rex,
1110 3366 1311 3452 confirmat
1332 3367 1576 3452 donationem
1594 3392 1616 3449 a
1633 3366 1848 3477 praeposito
1943 3397 1998 3482 32„
2050 3468 2058 3494 ν

439 3504 610 3613 Aquensi
632 3503 823 3586 canonicis
850 3502 1095 3613 Aquensibus
1121 3500 1287 3609 factam,
1312 3502 1452 3585 scilicet
1478 3512 1521 3585 ut
1545 3526 1616 3612 pro
1646 3498 1851 3611 hospitali·
1917 3500 1963 3536 '⁸¹¹
1979 3505 2005 3536 ¹¹⁸

440 3635 528 3718 tatis
549 3635 801 3719 incommodis
817 3636 989 3745 quinque
1014 3636 1063 3719 de
1088 3646 1242 3718 eentum
1265 3635 1404 3718 marcis
1427 3636 1475 3719 de
1496 3634 1753 3719 oblationibus
1783 3659 1851 3717 eo-

439 3767 575 3852 elesiae
596 3768 818 3877 percipiant.

522 3963 585 4043 (Gi.
607 3982 715 4042 supra,
733 3982 766 4043 p.
788 3974 859 4027 tut.
878 3964 1071 4044 Privtlegtnm
1087 3964 1233 4027 multtum
1249 3981 1328 4026 nuno
1341 3967 1490 4045 integrum
1503 3966 1609 4027 damus
1630 3981 1669 4026 ex
1691 3962 1851 4043 exemplari

559 4070 745 4149 cujusnam
760 4071 918 4133 truamur
929 4073 1046 4150 epum
1057 4055 1128 4132 recu
1143 4056 1333 4132 nahmens.
1349 4070 1443 4133 saer
1459 4056 1600 4151 origines
1617 4087 1685 4133 eum
1702 4071 1799 4151 ugrrro
1818 4072 1850 4131 n

560 4178 681 4238 archivo
693 4175 952 4257 Ddssddorfenst.)

486 4350 546 4435 fl„
567 4349 629 4421 Dei
650 4349 762 4443 gratia
781 4350 1013 4423 Romanorum
1032 4306 1097 4424 rex
1112 4360 1147 4423 et
1164 4373 1299 4448 semper
1318 4358 1505 4447 angustus,
1526 4350 1697 4425 universis
1714 4350 1849 4447 imperii

440 4470 617 4566 fidelibus,
640 4475 769 4569 quibus
792 4495 936 4572 presens
956 4475 1122 4571 seriptum
1148 4477 1343 4551 exhibitum
1368 4476 1489 4569 fuerit,
1516 4476 1668 4572 muciam
1690 4498 1791 4549 suum
1814 4484 1850 4549 et

477 4724 514 4798 (i)
532 4725 640 4799 Legitur
651 4731 741 4785 autem
752 4727 781 4784 in
795 4725 864 4786 libro
876 4725 996 4785 Plotinae
1009 4745 1018 4784 t
1033 4748 1047 4782 ι
1061 4728 1132 4787 dnn.
1146 4729 1220 4789 dom.
1239 4730 1340 4788 incarn.
1354 4728 1581 4802 treunam,
1596 4734 1691 4803 quarto
1706 4728 1742 4786 id
1759 4726 1850 4803 april.·,

441 4820 584 4881 indictione
599 4823 723 4882 ιωιιιιὼ.
744 4824 847 4897 »Quas
865 4830 944 4884 notas
959 4826 1097 4884 evidenter
1110 4828 1254 4887 mendosas
1270 4828 1449 4900 correximus,
1462 4821 1527 4886 dum
1546 4827 1683 4901 nequead
1699 4842 1763 4885 ann.
1780 4828 1851 4885 ⁴2³³

441 4932 530 4993 neque
543 4919 628 4977 munito
641 4921 732 4981 minus
743 4922 778 4980 ad
791 4924 862 4982 ⁴229
872 4922 916 4981 eui
928 4924 1046 4983 seeundo
1059 4925 1204 5000 respondet
1214 4924 1331 4999 indictio,
1347 4926 1537 4985 documentum
1549 4924 1642 4984 reterri
1655 4925 1749 4999 possit

521 5019 577 5084 Π.
597 5039 689 5085 sna
916 5074 922 5085 .
1639 5034 1696 5088 tao
