4859 6359
583 843 667 912 '972
1073 855 1196 917 tubex
1221 853 1565 915 benemeritorum.

618 1053 730 1129 1254

604 1161 742 1259 ''Treps
768 1180 828 1257 Ap.
837 1181 971 1245 Mentem
993 1213 1034 1229 -
1055 1184 1245 1261 Privileglum
1264 1189 1387 1243 renouat
1403 1200 1463 1259 quo
1482 1188 1578 1243 totum
1597 1186 1749 1263 negotium
1767 1188 1804 1247 99
1825 1186 2020 1263 lombardia,

786 1278 949 1343 91999919.
1034 1282 1164 1342 marchia
1182 1282 1308 1343 Trevisli
1325 1286 1355 1341 et
1378 1280 1552 1341 Romaniola
1571 1284 1747 1357 provisioni,
1769 1289 1972 1363 compositioni
1991 1296 2022 1349 et

1033 1379 1196 1439 laudabunt
1208 1379 1317 1438 999991
1330 1376 1476 1453 pontilicis
1488 1380 1656 1439 committit.
1961 1392 2020 1444 499

619 1481 657 1534 28
671 1479 731 1534 oet.
817 1470 922 1549 Salpia.
993 1506 1033 1519 -
1052 1475 1181 1535 Hennoo
1192 1474 1232 1533 de
1244 1474 1344 1533 Morra
1360 1489 1485 1551 magnae
1501 1490 1572 1535 suae
1590 1476 1689 1535 curiae
1707 1479 1846 1555 magistro
1863 1480 2021 1557 justitiario

1032 1570 1156 1631 mandat
1173 1577 1209 1630 ut
1227 1571 1260 1628 ln
1285 1568 1410 1645 nugulis
1426 1570 1666 1645 justitiariaiibus
1690 1576 1774 1651 regui
1800 1576 2021 1651 inquisitionem

1032 1665 1098 1725 ilerl
1110 1665 1209 1734 faeiat,
1219 1671 1250 1724 et
1262 1680 1336 1740 quos
1348 1662 1513 1724 turbatores
1523 1667 1604 1741 pacis
1616 1672 1646 1727 et
1660 1670 1766 1729 noxios
1779 1670 1934 1743 invenerit,
1945 1686 1964 1730 a
1977 1670 2021 1731 ii-

1032 1762 1143 1823 delium
1158 1761 1335 1823 incolatibus
1348 1761 1479 1821 dividere
1491 1769 1639 1838 procuret.
1961 1776 2018 1829 499

615 1860 730 1936 [octobr
733 1896 974 1919 ........
990 1890 1033 1904 -
1052 1858 1203 1920 99199919
1211 1856 1395 1919 scholaribus
1403 1856 1553 1919 Bononiae
1565 1865 1668 1919 notum
1675 1858 1746 1921 iacit
1758 1862 1931 1923 testudium
1939 1864 2020 1941 apud

651 1956 700 2019 uei
1030 1956 1388 2033 Neapoliminintegrum
1402 1953 1575 2029 reformare,
1590 1958 2020 2036 eosqueluvitatutadprae-

632 2050 717 2134 noa]
1030 2052 1140 2113 dietam
1150 2052 1300 2113 ciuitatem
1310 2049 1366 2111 sub
1379 2052 1535 2111 amaritate
1546 2058 1576 2113 et
1584 2054 1763 2129 protectione
1774 2070 1828 2114 sua
1841 2056 1873 2115 ln
1886 2055 2020 2119 kalendis

1031 2149 1158 2225 proximi
1169 2146 1344 2225 septembris
1357 2148 1541 2207 conueniant.
1873 2158 1944 2224 499,
1959 2162 2017 2213 499

602 2284 974 2311 ............
990 2278 1032 2291 -
1050 2246 1100 2307 Aci
1113 2247 1284 2323 99999999
1296 2244 1536 2319 Vercellenaium,
1549 2245 1641 2305 mittit
1653 2246 1696 2306 ela
1706 2247 1881 2323 megistum
1893 2248 1932 2309 V.
1941 2251 2020 2325 juris

1030 2344 1127 2403 civilis
1149 2342 1343 2419 professorem
1372 2344 1425 2419 qui
1446 2342 1595 2403 scholares
1613 2342 1750 2415 edoceat,
1768 2342 1963 2425 hortaturque
1983 2354 2019 2408 nt

1029 2442 1127 2517 ipsum
1140 2440 1252 2501 bonore
1263 2438 1363 2501 debito
1375 2440 1528 2515 recipiant.
1958 2450 2018 2505 499

600 2541 738 2605 novemb.
819 2538 910 2616 Apud
989 2568 1030 2583 -
1049 2538 1219 2597 Hermanno
1231 2534 1393 2597 marchioni
1406 2534 1532 2595 999999
1542 2542 1644 2597 uontm
1656 2534 1809 2597 violentias
1820 2538 1940 2599 ilenrici
1952 2539 2019 2600 Ilo-

781 2635 946 2699 Preeinam.
1028 2646 1185 2693 manorum
1205 2632 1284 2709 regia
1298 2629 1353 2691 919
1365 2630 1411 2690 sui
1427 2628 1637 2707 obligationem
1654 2645 1740 2691 suam
1757 2631 1794 2690 99
1811 2632 1929 2693 duobus
1950 2635 2019 2693 mil-

1027 2730 1107 2789 libus
1131 2734 1163 2787 et
1188 2729 1326 2787 99999999
1343 2729 1451 2787 marcis
1473 2728 1587 2804 argenti
1614 2742 1702 2803 super
1727 2730 1861 2789 civitates
1884 2730 2016 2809 Lauien,

1026 2825 1172 2887 sinsheim
1194 2832 1225 2884 et
1246 2824 1399 2903 Epplngeu
1420 2825 1633 2903 oppignoratis,
1648 2826 1777 2885 restituit
1800 2832 1831 2885 et
1851 2825 2015 2888 confirmat.

1872 2932 1942 3000 499,
1958 2934 2016 2987 eoo

597 3024 736 3087 novemb.
819 3023 909 3100 Apud
988 3052 1027 3068 -
1046 3020 1138 3081 Filios
1151 3020 1283 3080 Heinriei
1295 3018 1333 3079 99
1349 3017 1543 3097 Ruuenaburg
1556 3018 1596 3079 99
1612 3016 1691 3079 bona
1704 3018 1830 3081 19999119
1842 3026 1872 3081 et
1884 3024 2017 3101 proprie-

779 3118 946 3183 Precbuam.
1027 3124 1103 3179 tates
1115 3116 1225 3195 quibua
1237 3122 1354 3193 propter
1366 3114 1519 3177 infamiam
1533 3122 1689 3193 parentum
1702 3132 1824 3178 suorum
1832 3118 1927 3179 multo
1939 3124 2015 3179 199·

1027 3230 1099 3293 pore
1111 3214 1230 3275 199999
1242 3215 1370 3291 spoliati,
1380 3212 1417 3275 99
1429 3214 1595 3291 principum
1609 3216 1754 3275 sententia
1765 3218 1903 3277 restituit.
1957 3224 2013 3278 991

599 3313 736 3376 novemb.
786 3314 935 3376 99991999.
988 3343 1027 3359 -
1046 3311 1096 3373 Ad
1118 3311 1363 3388 supplicationem
1384 3310 1597 3387 archiepiscopi
1625 3310 1806 3389 bingionum,
1830 3312 1964 3373 concedit
1982 3320 2017 3375 ut

1027 3406 1107 3468 9999
1118 3408 1270 3485 quondam
1283 3406 1383 3467 sifridi
1400 3408 1539 3469 ccclesiae
1551 3409 1741 3485 Magantinae
1755 3410 1935 3483 marescalci,
1949 3410 2017 3473 licet

1028 3520 1068 3565 ax
1086 3510 1169 3581 parte
1185 3506 1288 3565 matris
1306 3520 1378 3565 auae
1394 3504 1594 3565 ministerialis
1611 3505 1651 3565 sit
1671 3506 1800 3581 imperil,
1819 3507 2018 3569 ministerialis

1026 3601 1165 3663 99919999
1183 3598 1284 3661 liutet
1299 3602 1414 3661 ratione
1430 3599 1509 3660 feodi
1530 3600 1748 3679 archiepiscopo
1768 3600 1901 3663 debitum
1921 3605 2016 3665 servi·

1026 3700 1102 3759 tium
1115 3697 1262 3759 exsolvat.
1957 3708 2014 3761 999

612 3805 728 3857 aanor.
801 3802 920 3880 Fogiao.
987 3827 1025 3840 -
1047 3794 1159 3855 Notum
1175 3794 1248 3855 iacit
1260 3808 1292 3855 99
1304 3791 1344 3853 99
1357 3791 1571 3853 ordinationem
1592 3791 1726 3871 Gregorii
1743 3795 1851 3854 summi
1870 3794 2017 3871 99999919

1026 3894 1224 3971 9999999999
1235 3890 1341 3951 ducere
1358 3891 1390 3949 iu
1405 3906 1531 3951 uxorem
1549 3890 1705 3951 babellum
1718 3906 1848 3951 sororem
1860 3894 1940 3969 regis
1952 3890 2017 3952 An·

1026 3990 1113 4068 gilae,
1125 3995 1156 4049 et
1166 3992 1383 4065 procuratorem
1397 4003 1486 4047 suum
1502 3986 1669 4065 generalem
1686 3988 1822 4047 statuisse
1837 3988 1960 4048 Petrum
1979 3988 2016 4049 99

1026 4086 1132 4163 Vinea,
1139 4100 1266 4163 magnae
1278 4098 1350 4146 suae
1361 4084 1460 4143 euriae
1466 4082 1727 4162 judicemtnmda
1736 4086 1948 4145 constitutione
1960 4084 2015 4145 99-

1026 4180 1255 4258 dariiquamde
1266 4178 1386 4241 dotibus
1399 4179 1456 4239 sibi
1469 4178 1588 4240 dandls.
1956 4189 2013 4241 999

597 4282 736 4346 novemb.
791 4284 933 4365 Fogglaa.
986 4312 1027 4323 -
1045 4278 1095 4339 Ad
1108 4278 1350 4355 supplicationem
1361 4276 1462 4337 Sllridi
1476 4277 1644 4354 Maguutini
1657 4274 1878 4354 archiepiscopi,
1892 4282 2015 4338 renouat

1025 4381 1057 4436 et
1075 4373 1232 4437 confirmat
1249 4374 1384 4453 generale
1404 4374 1591 4453 priuilegium
1612 4372 1692 4451 quod
1714 4373 1866 4451 quondam
1880 4374 1913 4433 iu
1929 4372 2014 4435 invo-

1024 4488 1087 4532 rem
1102 4472 1268 4549 principum
1288 4469 1551 4531 ecelesiasticorum
1571 4470 1684 4547 imperil
1702 4485 1757 4547 pro
1771 4470 1891 4547 juribus
1913 4485 2014 4531 eorum

1025 4568 1232 4631 conservandis
1248 4569 1402 4629 concessit.
1955 4576 2013 4628 999

596 4670 736 4734 novemb.
791 4668 930 4750 Foggiae.
986 4697 1025 4713 -
1046 4666 1212 4727 89999999
1225 4668 1389 4743 principum
1407 4664 1576 4743 promulgat
1590 4684 1599 4724 ι
1613 4662 1724 4724 scilicet
1735 4669 1771 4724 ut
1783 4662 1884 4724 nullus
1899 4665 2014 4741 episco-

1026 4778 1082 4841 pus
1102 4763 1284 4824 Tbeutoniae
1305 4762 1434 4841 aliquem
1455 4762 1587 4823 inioodot
1605 4768 1719 4839 praeter
1741 4776 1894 4823 assensum
1914 4763 2014 4839 1999-

1027 4864 1147 4936 ratorls3
1171 4868 1206 4921 ut
1227 4860 1328 4921 nulius
1350 4860 1514 4921 advocatus
1534 4862 1565 4920 ln
1591 4860 1669 4919 91999
1689 4858 1864 4919 cathedralis
1885 4858 2014 4918 clvitatis

1026 4960 1209 5019 exactionem
1223 4956 1326 5033 iaciat;
1342 4964 1376 5018 ut
1389 4957 1489 5019 nullus
1505 4972 1603 5018 eomes
1621 4956 1669 5016 vel
1682 4955 1843 5017 99999999
1858 4956 1892 5015 19
1903 4954 2014 5015 immu-
