4859 6359
394 728 493 789 lucrm
509 726 553 803 S]
844 722 1043 784 HISTORIA
1068 721 1361 783 olebomsrlcrt.
1749 722 1807 785 591

444 862 645 953 lleinricus,
664 861 728 935 Dei
745 860 855 955 gratia
867 860 1099 933 Romanorum
1117 882 1182 933 rex
1197 870 1232 933 et
1243 882 1379 956 semper
1393 867 1574 953 augustus.
1591 860 1656 932 Par
1668 881 1810 954 presens

393 989 561 1084 scriptum
577 995 697 1061 notum
714 985 789 1061 lieri
803 986 967 1060 volumus
977 985 1151 1059 universis
1170 984 1306 1082 imperii
1322 982 1483 1058 fidelibus
1501 994 1570 1056 tam
1589 985 1809 1080 presentibus

393 1134 499 1207 quam
509 1110 633 1185 tuturis
644 1109 741 1207 qnod
753 1130 829 1203 nos,
842 1108 890 1184 ad
904 1109 1189 1207 supplicationem
1207 1108 1417 1184 venerabilis
1429 1107 1565 1181 abbatis
1577 1107 1614 1180 in
1624 1106 1808 1181 bebenbu-

393 1258 455 1309 scn
474 1234 588 1311 fidelis
603 1234 729 1327 nostri,
748 1234 903 1330 inspecta
919 1254 1061 1329 quoquo
1070 1233 1238 1329 religione
1247 1232 1378 1307 ibidem
1393 1231 1593 1327 degentium
1603 1254 1674 1327 qua
1687 1231 1809 1305 divino

394 1358 503 1433 cultui
520 1360 745 1451 famulantur,
771 1356 891 1431 divine
912 1356 1049 1451 pietab's
1065 1355 1194 1429 intuitu
1226 1365 1261 1431 et
1286 1378 1351 1453 pro
1368 1354 1520 1430 remedio
1534 1355 1728 1429 animarum
1754 1354 1809 1429 di·

393 1504 517 1557 uorum
530 1491 757 1579 augustorum
770 1478 1028 1577 progenitorum
1047 1488 1243 1553 nostrorum
1259 1481 1425 1553 memorie
1444 1480 1628 1554 recolende
1647 1502 1690 1553 oc
1712 1480 1809 1555 inco·

394 1606 553 1681 lumitate
564 1614 683 1681 nostra
698 1614 732 1681 et
744 1604 855 1679 solute
876 1603 992 1677 anime
1007 1612 1134 1695 nostre,
1154 1605 1350 1678 exemimus
1371 1604 1463 1678 bona
1477 1625 1542 1677 sua
1551 1626 1622 1699 que
1632 1613 1810 1677 monaste-

393 1730 484 1803 rium
503 1738 729 1805 memoratum
751 1730 787 1801 in
814 1727 996 1823 Fsslingen
1019 1727 1113 1820 juste
1139 1736 1233 1801 tenet
1255 1736 1289 1801 et
1306 1726 1459 1824 possidet
1477 1750 1518 1801 ac
1544 1727 1582 1799 in
1595 1737 1700 1801 entes
1711 1729 1809 1821 justo

394 1854 496 1927 titulo
504 1854 628 1950 poterit
641 1852 801 1951 adipisci,
810 1852 856 1927 ab
870 1852 965 1925 omni
977 1852 1058 1925 data
1072 1860 1108 1925 et
1119 1852 1315 1942 exactione,
1326 1861 1361 1927 et
1375 1853 1491 1950 ipsum
1507 1852 1671 1925 volumus
1681 1850 1807 1925 amodo

393 1979 431 2051 in
457 1978 588 2053 eisdem
618 1976 719 2053 bonis
748 1997 824 2051 esso
852 1974 1000 2049 liberum
1029 1984 1064 2049 et
1090 1977 1263 2068 immune;
1295 1976 1575 2050 ministerialibus
1605 1985 1641 2049 et
1670 1976 1808 2049 civibus

393 2102 551 2195 ejusdem
569 2102 634 2175 loci
651 2100 843 2197 specialiter
854 2100 1052 2175 inhibentes
1067 2108 1240 2196 quatenus
1263 2102 1381 2175 nullus
1402 2100 1489 2174 illud
1509 2111 1627 2175 contra
1641 2102 1810 2197 presentis

394 2226 623 2322 exemptionis
634 2236 669 2299 et
683 2224 913 2301 immunitatis
924 2234 1039 2299 nostre
1049 2224 1212 2321 paginam
1228 2226 1409 2301 molestare
1423 2232 1609 2323 presumat.
1629 2224 1733 2311 Quod
1748 2226 1809 2321 qui

394 2351 641 2449 presumpserit
657 2360 823 2447 tanquam
843 2348 997 2425 mandati
1015 2350 1123 2425 nostri
1141 2359 1426 2447 transgressorem
1439 2372 1478 2424 se
1496 2350 1632 2425 noverit
1644 2350 1811 2445 indigua-

394 2476 480 2550 tioni
497 2474 604 2549 nostri
619 2475 780 2549 culminis
793 2474 984 2569 subjacere.
1004 2474 1048 2549 Ut
1063 2483 1179 2549 autem
1193 2476 1261 2549 bec
1275 2484 1391 2549 nostra
1409 2475 1585 2571 exemptio
1600 2472 1700 2548 firma
1719 2496 1810 2548 sem·

393 2622 457 2697 per
470 2608 505 2673 et
523 2599 727 2673 inconcussa
745 2606 956 2695 permaneat,
976 2619 1118 2694 presens
1131 2599 1297 2696 scriptum
1310 2598 1385 2673 lieri
1403 2599 1549 2673 fecimus
1560 2598 1675 2693 sigillo
1687 2601 1811 2693 majes-

395 2724 473 2797 tatis
491 2732 606 2797 nostre
621 2723 807 2797 munitum.

443 2848 556 2941 Hujus
585 2848 637 2921 rei
669 2856 774 2923 testes
796 2857 877 2921 sunt
903 2874 911 2919 ε
944 2850 988 2921 Η.
1018 2846 1171 2921 marchio
1197 2847 1244 2921 de
1272 2845 1406 2939 baden,
1437 2900 1447 2917 .
1478 2900 1488 2919 .
1517 2902 1527 2918 .
1552 2846 1662 2919 abbas
1694 2847 1810 2919 Sancti

394 2968 526 3065 Galli,.
558 3026 567 3045 .
598 3025 608 3043 .
636 2971 770 3067 dapifer
783 2970 1050 3069 daWalpuro,.
1083 3026 1092 3043 .
1124 3025 1134 3043 .
1162 2972 1329 3067 pincerna
1343 2970 1661 3063 deWinterstettin,
1677 2970 1810 3043 Utricus

393 3095 608 3169 Wemberus
622 3095 805 3191 notarius(
827 3096 855 3191 ).

442 3217 529 3293 Acta
545 3226 627 3293 sunt
645 3218 712 3293 beo
729 3240 821 3293 anno
837 3218 1011 3293 dominice
1031 3218 1278 3293 incarnationis
1290 3218 1470 3293 millesimo
1488 3218 1723 3293 ducentesimo
1749 3219 1812 3291 tri·

395 3342 528 3438 gesimo
542 3342 642 3416 tertio
656 3341 746 3439 (sic),
767 3352 890 3439 quarto
902 3342 1069 3417 kalendas
1085 3343 1297 3417 novembris.

442 3468 569 3541 Datum
587 3466 683 3561 apud
698 3467 897 3563 bertingen,
925 3467 1112 3541 indictione
1135 3476 1248 3541 sexta.

624 3753 1263 3771 —h--u———nffl
1269 3757 1598 3768 ——--—--—·-—-—

449 3998 650 4105 Henrious,
670 3999 931 4083 Romanorum
957 4022 1043 4103 rex,
1068 3994 1270 4079 confirmat
1291 3996 1535 4077 donationem
1556 3993 1688 4076 domui
1710 3993 1811 4075 hos·
1855 3980 2014 4137 {iffi

396 4131 523 4241 pitalis
543 4130 671 4214 Sancti
690 4130 852 4241 Spiritus
870 4130 911 4211 in
930 4127 1195 4238 Stephansleld
1214 4126 1387 4210 acomite
1401 4125 1596 4237 sigeberto
1609 4125 1657 4208 de
1670 4125 1812 4208 Werda
1837 4089 1857 4147 [ι

396 4277 432 4349 et
449 4266 499 4349 ab
517 4265 680 4349 Henrico
703 4274 741 4348 et
762 4263 993 4347 Theoderico
1016 4263 1218 4347 comitibus
1245 4262 1328 4371 ejus
1350 4261 1439 4342 filiis
1466 4261 1607 4342 factam
1633 4262 1681 4341 de
1704 4268 1812 4367 parte

398 4398 563 4484 nemoris
594 4399 698 4507 apud
724 4398 884 4480 Brumat
910 4406 947 4479 et
973 4397 1022 4480 de
1053 4396 1222 4506 quodam
1250 4394 1469 4478 molendino
1503 4418 1591 4477 oum
1623 4417 1811 4501 aquarum

399 4530 636 4617 decursibus.

437 4718 481 4801 (a)
500 4718 591 4780 Anno
616 4725 717 4781 tumen
747 4726 820 4780 last
848 4724 1050 4780 momorantur
1072 4717 1192 4779 tnrtmul
1219 4713 1331 4779 uttan
1346 4721 1375 4775 ct
1403 4710 1576 4775 lumime
1596 4715 1717 4777 comiti.
1740 4714 1809 4779 llld.

399 4834 636 4907 commosse.
1685 4832 1690 4839 ·
