4859 6359
417 786 514 846 houm.
531 782 575 866 9.]
870 786 1064 848 HISTORIA
1089 783 1384 846 brunomartctl.
1762 791 1823 852 858

418 940 496 988 rum
512 917 673 990 noticiam
687 919 881 1014 principum
897 921 1067 994 adversus
1092 973 1101 989 .
1130 971 1139 989 .
1170 971 1179 989 .
1207 917 1257 1012 (a)
1271 919 1396 990 ducem
1411 917 1548 990 Austris
1566 921 1821 1019 materiampu·

417 1041 508 1112 blice
534 1040 724 1132 questionis
748 1040 887 1133 adame,
916 1044 1016 1135 cujus
1036 1043 1158 1114 levitas
1194 1021 1300 1112 ductu
1327 1039 1481 1111 motibus
1507 1041 1709 1115 inconsultis
1733 1046 1822 1120 adeo

417 1163 584 1258 processit
602 1164 638 1234 in
655 1164 846 1258 publicum,
861 1176 896 1237 et
914 1167 990 1258 ejus
1007 1163 1193 1252 temeritas,
1210 1175 1328 1234 contra
1346 1161 1510 1234 bonorem
1530 1173 1684 1236 nostrum
1700 1178 1736 1240 el
1751 1170 1821 1240 im·

418 1286 502 1380 perii
517 1287 719 1378 dignitatem
738 1289 843 1360 rerbo
863 1299 898 1361 et
921 1311 1025 1384 opere
1044 1296 1227 1376 attentata,
1254 1305 1318 1358 nos
1339 1295 1408 1358 tam
1427 1287 1577 1378 graviter
1598 1293 1819 1383 provocavit,

417 1407 513 1501 quod
531 1410 675 1480 transire
697 1431 766 1482 non
792 1433 976 1504 possumus
992 1411 1135 1482 ulterius
1156 1411 1362 1481 incorrectos
1386 1431 1449 1480 sue
1470 1411 1619 1482 levitatis
1641 1434 1818 1488 excessus.

417 1531 643 1627 Reveraquiu
663 1533 850 1607 dileximus
868 1547 999 1631 patrem
1015 1557 1135 1622 suum,
1157 1534 1279 1605 merito
1294 1533 1427 1626 paterni
1447 1534 1580 1606 servilii
1598 1535 1694 1608 cordi
1721 1540 1820 1611 nobis

417 1665 469 1726 est
487 1664 522 1726 ct
539 1677 621 1726 cure
642 1657 678 1726 in
698 1657 847 1730 eundem
874 1659 999 1731 ducem
1015 1668 1049 1730 et
1074 1655 1182 1728 lilium
1203 1660 1278 1748 ejus
1298 1656 1450 1728 levorem
1468 1665 1608 1750 paterne
1628 1657 1821 1732 dilectionis

417 1777 611 1868 effundere,
631 1789 666 1851 et
681 1781 896 1855 allectionem
916 1792 1066 1854 nostram
1084 1802 1166 1874 erga
1181 1800 1284 1852 suum
1297 1777 1516 1851 commodum
1535 1787 1571 1850 et
1582 1780 1749 1852 honorem
1764 1803 1820 1856 os·

417 1900 558 1974 tendere
576 1923 655 1974 cum
680 1903 817 1976 ellectu.
837 1906 957 2000 ltaque
981 1926 1061 1977 cum
1085 1902 1180 1998 apud
1206 1903 1406 1998 Ravennam
1433 1902 1566 1976 curiam
1589 1903 1818 1980 indixerimus

416 2023 676 2114 celebrandam,
709 2028 913 2100 vocavimus
939 2029 1071 2122 ipsum,
1105 2027 1194 2097 sicut
1223 2034 1353 2096 eeteros
1379 2025 1567 2119 principes,
1600 2035 1639 2098 ut
1664 2029 1815 2121 veniret,

416 2159 645 2243 proponentes
674 2171 754 2222 eum
782 2171 897 2224 amore
925 2161 1066 2245 paterno
1090 2149 1242 2244 recipere
1266 2170 1307 2220 ac
1329 2148 1458 2220 lovere.
1490 2147 1559 2222 Sed
1581 2151 1702 2241 majori
1720 2160 1816 2245 parte

416 2271 612 2365 principum
629 2271 665 2343 in
692 2274 809 2346 multis
833 2275 1007 2347 laboribus
1027 2285 1062 2345 el
1084 2271 1247 2365 expensis
1269 2271 1491 2342 venientibus
1505 2272 1695 2360 cremetis,
1720 2273 1816 2366 ipse,

415 2395 476 2487 qui
492 2405 707 2489 opportunus
721 2397 840 2469 venire
858 2407 1005 2490 poterat,
1023 2417 1127 2468 suum
1148 2394 1333 2487 denegavit
1352 2415 1541 2466 accessum.
1560 2393 1693 2468 Deinde
1718 2397 1817 2470 nobis

416 2517 672 2590 transeuntibus
689 2517 924 2612 aquilegiam,
956 2540 1034 2590 cum
1060 2539 1140 2590 eum
1166 2516 1294 2588 ibidem
1324 2515 1443 2588 videre
1460 2517 1643 2604 vellemus,
1674 2529 1818 2590 vocatus

416 2641 533 2712 venire
551 2641 725 2735 pueriliter
744 2643 927 2715 recusavit.
947 2641 1049 2726 Quod
1068 2651 1103 2714 et
1122 2661 1203 2728 nos,
1232 2639 1399 2710 habentes
1413 2650 1605 2733 respectum
1619 2640 1666 2712 ad
1679 2652 1818 2734 palerna

416 2763 573 2850 servitia,
601 2763 820 2836 dissimulare
842 2766 1032 2854 voluimus,
1059 2764 1158 2838 etatis
1183 2785 1248 2835 sue
1272 2763 1423 2835 motibus
1443 2761 1698 2850 adscribentes-3
1730 2766 1817 2856 quin

415 2888 529 2982 potius
556 2896 594 2956 ut
614 2908 656 2959 eo
681 2909 750 2959 non
778 2888 1014 2960 recederemus
1039 2887 1170 2973 inviso,
1201 2885 1409 2958 contulimus
1435 2906 1499 2956 nos
1521 2887 1744 2978 personaliter
1769 2887 1816 2960 ad

415 3019 539 3082 terram
558 3033 656 3082 suam
670 3011 791 3082 Portus
808 3011 934 3082 Naonis
947 3011 1003 3104 (t),
1021 3033 1127 3103 quam
1140 3009 1289 3082 babebat
1300 3009 1335 3080 in
1348 3009 1436 3080 Foro
1448 3009 1547 3095 Julii;
1567 3018 1602 3080 et
1619 3010 1667 3080 ibi
1683 3031 1814 3082 moram

415 3133 597 3224 trabentes,
609 3135 764 3206 misimus
778 3157 840 3229 pro
854 3133 989 3222 eodem,
1001 3145 1039 3206 ut
1049 3135 1078 3206 si
1092 3135 1270 3207 molestum
1284 3133 1351 3204 sibi
1361 3133 1472 3204 luerat
1482 3132 1518 3203 in
1529 3133 1728 3206 civitatibus
1740 3155 1815 3206 nus·

415 3257 457 3327 tri
475 3257 610 3351 imperii
632 3279 695 3330 nos
712 3257 861 3348 vidisse,
882 3257 928 3330 ad
947 3269 1069 3330 terram
1088 3279 1186 3330 suam
1206 3255 1385 3351 pronubis
1406 3255 1570 3328 accedere
1588 3277 1657 3328 non
1676 3258 1812 3330 vitaret.

414 3381 524 3464 Quem
545 3379 740 3452 venientem
760 3383 945 3453 venerabili
971 3381 1149 3454 allectione
1169 3380 1374 3474 recepimus,
1396 3388 1590 3471 satagentes
1606 3380 1640 3452 ei
1659 3381 1765 3453 verbo
1781 3393 1816 3453 et

413 3523 517 3596 opere
528 3503 759 3596 complacere;
772 3513 899 3574 tantam
912 3505 1051 3598 insuper
1061 3505 1127 3576 sibi
1141 3504 1287 3596 gratiam
1300 3502 1465 3575 facientes
1472 3502 1566 3596 quod
1576 3525 1640 3597 pm
1647 3504 1815 3598 sopienda

412 3625 487 3716 lile,
505 3647 610 3719 quam
627 3628 662 3697 in
679 3629 860 3700 exactione
877 3627 968 3699 dolis
981 3624 1133 3726 [sororis]
1148 3649 1212 3700 sue
1228 3625 1320 3698 filius
1335 3635 1471 3698 noster.
1491 3679 1500 3696 .
1519 3679 1527 3696 .
1545 3623 1590 3721 (c)
1600 3637 1718 3700 oontm
1734 3649 1813 3699 eum

408 3749 486 3840 jure
497 3757 531 3822 el
541 3751 675 3822 viribus
686 3752 971 3840 altenlabal‚octo
981 3749 1134 3846 (d)milia
1147 3751 1363 3826 marcharum
1371 3749 1810 3845 promisimnsexbibeuda;

412 3890 480 3942 non
494 3872 689 3945 omittentes
705 3873 737 3946 ci
752 3875 947 3947 satisfacere
962 3873 1008 3946 de
1020 3874 1173 3970 pulchris
1185 3876 1286 3968 equis
1302 3883 1338 3946 et
1354 3873 1430 3946 aliis
1447 3873 1632 3964 donativis,
1653 3874 1813 3946 acliben·

411 3992 541 4066 tissime
563 4016 747 4090 procurare
770 3997 878 4090 parati
900 4019 970 4092 que
986 3997 1059 4072 suis
1076 4007 1173 4092 mata
1198 4005 1314 4071 essent
1337 3996 1517 4070 affectibus
1535 4005 1570 4070 et
1593 4005 1751 4091 acceptu,
1778 4010 1815 4070 ut

411 4135 492 4189 eum
515 4116 738 4192 redderemus
756 4121 879 4192 nostris
899 4121 1094 4215 aspectibus
1111 4121 1307 4215 gratiorem.
1326 4119 1443 4215 Nuper
1458 4128 1573 4192 autem
1589 4121 1625 4191 in
1646 4120 1814 4193 Alaman-

453 4338 495 4418 (α)
515 4342 550 4403 In
561 4344 710 4418 lmprussls
725 4343 893 4419 Heudonos,
903 4345 1073 4423 mele,dum
1083 4345 1121 4404 de
1132 4343 1280 4406 Frlderlco
1290 4341 1454 4422 ogomuin
1466 4338 1812 4402 codlclbusreronomeu

410 4449 527 4520 punetls
539 4447 697 4523 suppletur.

451 4547 492 4629 (l)
513 4552 571 4628 Ap.
586 4553 668 4614 Petr.
683 4554 720 4613 ds
733 4555 803 4615 Vln.
819 4554 1109 4630 Peculiosum
1126 4553 1174 4615 Gl.
1193 4569 1282 4632 supra
1296 4570 1328 4629 p.
1345 4561 1416 4625 tua,
1428 4557 1491 4612 not.
1509 4561 1538 4612 1.

450 4656 488 4734 (c)
510 4658 564 4733 dp.
588 4659 667 4721 Petr.
685 4660 722 4720 de
739 4660 808 4720 llln.
830 4658 994 4736 Comedus,
1007 4660 1100 4735 mele,
1114 4659 1187 4720 dum
1200 4659 1239 4719 dc
1254 4658 1383 4720 llenrlcu
1400 4663 1532 4734 patenter
1547 4662 1664 4736 matur.
1678 4657 1714 4718 1u
1726 4656 1814 4718 oodl-

410 4759 494 4822 clbus
507 4779 617 4824 nomen
631 4767 750 4842 punctla
767 4766 928 4842 suppletur.

453 4864 497 4946 (d)
518 4869 554 4929 ln
567 4869 632 4931 eod.
650 4871 743 4932 Pacu.
760 4879 830 4945 sss,
844 4877 959 4951 septen
