4859 6359
406 863 504 927 lanicr.
520 862 567 940 9.]
852 857 1048 920 trisicali
1072 858 1363 923 nlitotttiict
1748 863 1807 924 851

406 1010 535 1071 trorum
558 995 699 1069 consilio
718 993 928 1089 principum,
950 995 1044 1088 apud
1064 995 1271 1068 Placentiam
1288 997 1340 1090 (o)
1358 998 1533 1070 solennem
1549 997 1681 1069 curiam
1704 996 1809 1070 duxi·

407 1143 484 1192 mus
500 1116 739 1207 indicendam,
756 1115 802 1188 ad
820 1137 926 1209 quam
938 1115 983 1188 ab
997 1117 1087 1189 Urbe
1105 1118 1187 1190 citra
1198 1119 1354 1189 omnium
1366 1120 1544 1191 civitatum
1557 1119 1654 1191 ltalia
1667 1121 1812 1191 nuncios

407 1243 608 1314 invitamus.
629 1239 751 1334 ibique
767 1239 990 1332 quamplures
1007 1240 1187 1311 nobiscum
1209 1241 1383 1336 principes
1396 1251 1530 1313 nostros
1547 1241 1755 1314 habebimus
1776 1241 1813 1313 in

408 1362 598 1436 honorabili
626 1361 807 1449 comitiva3
836 1361 965 1453 legatos
982 1361 1085 1433 etiam
1114 1364 1269 1434 omnium
1294 1385 1415 1456 regum
1439 1364 1702 1438 occidentalium
1730 1386 1812 1459 per-

407 1488 514 1572 tium,
533 1506 621 1579 quos
648 1485 720 1556 lere
736 1475 857 1554 omnes
873 1482 1047 1554 affinitatis
1069 1484 1168 1556 nobis
1192 1486 1370 1557 vinculum
1395 1487 1576 1558 unanimes
1596 1487 1668 1578 iam
1687 1485 1812 1575 edocit,

407 1608 536 1682 ibidem
559 1609 678 1701 procul
701 1606 808 1679 dnbio
835 1626 898 1676 noe
923 1605 1095 1678 credimus
1113 1607 1308 1703 habituros,
1330 1618 1368 1678 ut
1390 1608 1590 1680 intentionis
1612 1617 1726 1680 nostre
1752 1631 1816 1681 sa-

407 1732 506 1804 lubre
526 1729 706 1802 consilium
734 1749 776 1801 ac
804 1729 1035 1823 propositum,
1056 1729 1152 1822 quod
1178 1730 1224 1803 de
1247 1731 1402 1803 subsidio
1425 1733 1527 1803 Terre
1551 1733 1615 1803 Dei
1641 1741 1677 1804 et
1699 1735 1816 1805 relor·

410 1855 559 1928 mationa
579 1841 710 1946 Jurium
738 1851 889 1923 Ecclesia
907 1859 942 1922 et
968 1851 1103 1946 imperii
1133 1853 1168 1922 in
1197 1853 1294 1924 ltalia
1322 1865 1357 1926 et
1382 1861 1473 1926 statu
1499 1853 1642 1948 pacifico
1667 1857 1817 1949 regionis

408 1978 564 2070 ejusdem
584 1976 643 2071 pia
659 1983 773 2046 mente
790 1975 1022 2068 concepimus,
1043 1975 1078 2044 in
1097 1975 1271 2048 solennem
1288 1986 1322 2048 et
1344 1977 1517 2070 publicam
1538 1978 1682 2072 prodeat
1699 1981 1817 2052 notio-

410 2123 510 2190 nem3
529 2109 563 2171 et
587 2099 617 2172 si
642 2107 736 2171 tanta
762 2098 941 2170 rebellium
965 2098 1067 2168 luerit
1094 2099 1233 2170 inventa
1259 2100 1477 2193 protervitas,
1495 2101 1591 2194 quod
1608 2121 1674 2173 nec
1690 2101 1736 2173 ad
1754 2102 1817 2174 liei

410 2224 586 2314 negotium
611 2243 675 2294 nec
693 2220 740 2294 ad
758 2220 865 2293 deonas
882 2221 1015 2316 imperii
1036 2229 1070 2291 et
1086 2221 1236 2296 Ecclesie
1256 2223 1364 2295 velint
1377 2223 1506 2296 babere
1522 2234 1728 2318 respectum,
1747 2233 1816 2297 tam

410 2347 554 2420 celebris
578 2343 760 2418 tribunalis
777 2344 814 2415 in
832 2365 892 2416 eos
914 2344 1079 2416 sententie
1096 2343 1236 2436 gladius
1253 2356 1413 2417 exeratur
1433 2372 1442 2416 :
1462 2367 1532 2440 que
1549 2347 1678 2418 nullius
1696 2349 1818 2442 appel-

410 2471 548 2543 lationis
572 2491 636 2542 nec
668 2467 930 2562 supplicationis
955 2467 1108 2541 remedio
1134 2468 1376 2561 suspendetur,
1402 2468 1466 2541 scd
1491 2470 1527 2540 in
1550 2491 1623 2542 rem
1648 2472 1818 2544 transiens

408 2593 618 2688 judicatam,
640 2591 799 2664 ellectum
825 2589 929 2662 dante
958 2590 1103 2662 Domino
1127 2591 1283 2664 debitum
1300 2613 1321 2663 e
1340 2593 1485 2684 vestigio
1511 2602 1752 2687 consequetur.
1774 2595 1817 2666 Et

411 2728 449 2788 ut
479 2717 515 2787 in
537 2715 700 2788 omnibus
721 2713 886 2806 antiquus
910 2722 944 2785 et
969 2713 1108 2786 debitus
1129 2735 1205 2786 mos
1228 2723 1262 2785 et
1286 2714 1396 2786 honor
1414 2716 1550 2809 imperii
1579 2726 1813 2804 conservetur,

412 2861 493 2914 ecce
511 2838 606 2933 quod
624 2847 704 2911 aute
726 2837 848 2911 laniem
871 2846 1022 2908 nostram
1039 2837 1084 2910 de
1112 2838 1325 2932 principibus
1352 2839 1475 2910 nostris
1500 2839 1650 2932 aliquem
1671 2840 1817 2934 premit·

412 2972 544 3051 temus,
573 2963 630 3034 cui
667 2961 853 3056 plenariam
884 2960 1045 3032 dabimus
1073 2969 1272 3054 potestatem
1307 2961 1546 3034 universitates
1574 2962 1745 3056 quaslibet
1776 2983 1817 3034 ac

413 3087 516 3159 etiem
540 3105 704 3180 personas
733 3083 925 3176 singulares
948 3091 1049 3154 extra
1073 3083 1233 3154 culminis
1251 3083 1357 3155 nestri
1374 3084 1520 3177 gratiam
1544 3084 1581 3155 iu
1606 3084 1721 3156 banno
1748 3085 1817 3155 im-

411 3209 498 3304 perii
525 3209 730 3297 existentes,
761 3207 797 3278 in
825 3206 1073 3304 plenitudinem
1095 3215 1211 3278 nostre
1235 3207 1344 3298 gratie
1364 3208 1536 3303 recipere,
1566 3219 1668 3304 prout
1695 3209 1817 3281 honori

412 3341 529 3405 nostro
554 3341 589 3404 et
612 3331 746 3426 imperii
780 3327 907 3402 viderit
938 3329 1115 3424 expedire.
1144 3330 1374 3402 Promittendo
1395 3331 1499 3404 etiam
1527 3332 1674 3427 principi
1702 3342 1817 3426 potcs-

411 3465 515 3527 tatem
543 3455 696 3528 conterre
729 3451 947 3525 decrevimus
980 3453 1015 3523 in
1050 3438 1269 3524 contumaces
1302 3475 1392 3525 nova
1421 3454 1536 3526 banna
1569 3453 1752 3527 decernere
1783 3465 1819 3529 et

411 3577 528 3651 debita
556 3599 615 3650 eos
643 3575 941 3650 animadversione
968 3575 1107 3670 punire;
1133 3575 1191 3647 illo
1214 3577 1431 3671 presentibus
1452 3577 1641 3672 expressim
1666 3578 1814 3670 inserto,

411 3699 508 3796 quod
525 3723 588 3773 nos
603 3701 833 3796 promittimus
854 3699 1098 3772 inviolabiliter
1120 3699 1320 3791 observare,
1341 3710 1376 3771 et
1393 3700 1570 3773 observari
1586 3701 1632 3773 ab
1649 3701 1819 3775 universis

412 3835 447 3897 et
477 3825 624 3917 singulis
657 3821 791 3917 imperii
817 3821 977 3895 fidelibus
1000 3831 1035 3894 et
1055 3822 1271 3917 principibus
1296 3825 1459 3896 iaciemus
1478 3825 1644 3918 quioquid
1666 3826 1711 3898 de
1740 3847 1819 3898 res-

414 3949 604 4022 tauratione
620 3948 728 4038 gratie
743 3955 858 4018 nostre
878 3967 957 4016 orum
975 3946 1185 4040 quibuslibet
1201 3947 1483 4018 universitatibus
1503 3969 1565 4019 scu
1584 3950 1739 4042 personis
1759 3971 1821 4044 per

414 4071 526 4166 ipsum
548 4072 699 4145 extiterit
717 4069 911 4143 ordinatum
938 4095 946 4138 :
973 4089 1037 4140 nec
1060 4067 1174 4139 minus
1198 4067 1320 4140 honori
1340 4078 1374 4139 et
1397 4069 1564 4142 voluntati
1579 4066 1695 4170 nostre
1718 4073 1819 4145 satis·

413 4197 540 4268 lactum
555 4195 759 4268 babebimus
776 4193 989 4286 quicunque,
1013 4190 1105 4263 dicto
1124 4190 1279 4285 principe
1299 4191 1484 4279 mediante,
1505 4195 1650 4284 gratiam
1669 4207 1819 4269 nostram

415 4319 530 4392 debita
544 4317 727 4390 devotione
739 4315 944 4411 poposcerit,
958 4335 1063 4408 quam
1078 4315 1107 4385 si
1124 4335 1145 4386 a
1161 4313 1261 4386 nobis
1279 4313 1389 4408 ipsam
1405 4317 1619 4408 presentibus
1635 4317 1815 4389 obtineret.

414 4443 465 4514 Tu
481 4441 578 4532 vero,
598 4442 694 4513 velut
709 4439 820 4512 fidelis
835 4450 869 4512 ot
883 4437 1050 4533 prudens,
1066 4437 1212 4531 teipsum
1231 4437 1277 4509 ad
1293 4437 1423 4508 curiam
1442 4459 1547 4533 supra
1567 4439 1692 4511 dictam
1709 4439 1817 4513 bono·

455 4729 497 4800 (a)
518 4727 554 4786 ln
571 4729 657 4802 epist.
670 4725 746 4786 Petr.
765 4726 802 4786 de
814 4725 908 4785 Vinea
920 4730 949 4784 et
963 4727 993 4784 tn
1007 4725 1096 4784 Paris
1115 4723 1208 4783 codic.
1224 4722 1607 4799 commemorassemus
1617 4729 1708 4798 recta,
1723 4742 1817 4802 quum

415 4849 453 4893 ex
475 4833 541 4894 allis
561 4833 708 4894 discemus
730 4833 907 4893 testimoniis
924 4831 1035 4890 curiam
1054 4829 1133 4908 apud
1151 4829 1332 4891 Placen‘dam
1344 4829 1486 4889 indictam
1503 4845 1541 4888 ex
1560 4829 1703 4908 legatione
1715 4832 1819 4911 iacobi

415 4939 578 5001 Prenestinl
591 4941 719 5016 episcopi
731 4939 902 5015 impeditam
915 4937 1057 4998 extitisse.
