4859 6359
422 855 541 917 uns.
556 848 600 937 a]
892 848 1091 911 ursanum
1115 844 1409 909 urruonnrrcn
1790 844 1851 907 ese

440 984 629 1081 imperialis
647 984 726 1057 aule
747 982 950 1058 cancellario
969 982 1015 1057 de
1032 981 1153 1079 predio
1170 1003 1235 1056 suo
1253 982 1290 1054 in
1313 983 1431 1054 llusen
1445 1002 1509 1053 sex
1525 979 1692 1052 librarum
1709 977 1851 1075 Augus-

439 1108 545 1181 tensis
563 1114 700 1179 monete
712 1103 870 1179 redditus
882 1106 1071 1201 resignavit
1088 1114 1122 1179 et
1140 1106 1174 1177 in
1193 1106 1366 1201 presentia
1379 1112 1495 1177 nostra
1510 1102 1738 1195 contradidit;
1761 1125 1850 1199 quos

441 1230 485 1306 de
503 1254 610 1305 manu
628 1252 692 1304 sua
705 1252 769 1325 pro
786 1229 888 1303 leudo
907 1231 1053 1326 recepit,
1081 1231 1128 1303 ita
1146 1230 1242 1325 quod
1259 1230 1336 1325 ipse
1357 1238 1392 1303 et
1416 1229 1564 1301 heredes
1588 1228 1644 1300 sui
1670 1249 1692 1299 a
1718 1229 1850 1322 prelato

429 1356 600 1455 ,episcopo
616 1366 685 1434 eta
701 1354 956 1436 successoribus
967 1356 1040 1429 suis
1058 1354 1200 1439 eosdem
1213 1354 1370 1429 redditus
1381 1352 1505 1427 feodali
1516 1356 1594 1445 iure
1606 1351 1756 1425 debeant
1767 1374 1849 1447 pos·
1882 1413 1888 1421 .
1938 1424 1941 1432 ,
1961 1403 1965 1432 ς
1984 1421 1988 1429 ,

440 1480 566 1553 sidere.
588 1482 631 1552 Et
648 1489 687 1551 ut
699 1480 764 1552 hec
781 1489 856 1569 rata
870 1488 904 1553 et
920 1476 1021 1570 firmax
1036 1487 1276 1575 permaneant,
1297 1462 1400 1571 sigilli
1416 1478 1530 1554 nostri
1543 1456 1756 1573 appositione
1766 1498 1849 1572 pre-
1912 1466 1917 1491 ⁵
1942 1466 1952 1474 ’

431 1582 570 1676 'senem
587 1604 749 1701 pagiuam
768 1604 913 1675 lecimus
926 1595 1141 1695 communiri.
1191 1660 1223 1701 ·.
1280 1686 1284 1692 ,
1336 1589 1342 1601 ⁶
1398 1595 1412 1665 ᾖ
1749 1588 1766 1595 ”

487 1728 613 1799 Datum
631 1726 992 1831 FrancheulurtQXlll
1013 1724 1178 1803 kalendas
1196 1686 1540 1817 marciipindictioue
1552 1684 1708 1851 septima.
1778 1717 1782 1727 '
1830 1822 1835 1858 Ι

676 2066 1112 2077 --m-mv-
1119 2065 1277 2074 --—---.-—·-
1284 2064 1454 2073 --a-o-ouo--a
1461 2061 1618 2073 --e—-u-„ae

493 2361 699 2469 Henrinue,
719 2364 979 2449 Romanorum
999 2390 1086 2472 rex,
1111 2362 1345 2447 abbatissam
1366 2374 1405 2445 et
1425 2375 1652 2449 mouentum
1673 2366 1853 2451 ecclesiae
1869 2388 1933 2485 up
1940 2388 2049 2485 ffim

442 2493 490 2577 de
507 2494 703 2609 llitzingeu
726 2496 883 2581 diversis
910 2496 1197 2609 gravaminibus
1221 2522 1423 2606 oppressae
1451 2497 1524 2580 sub
1548 2497 1696 2607 imperii
1721 2509 1759 2583 et
1782 2527 1853 2583 sua

441 2626 672 2734 protectione
688 2626 833 2739 recipit.

522 2870 617 2944 (Edld
632 2870 688 2933 Fa.
702 2872 779 2933 Aur.
794 2872 903 2948 laeua,
921 2862 1022 2932 Greek
1034 2868 1266 2945 Fronlenlonda,
1280 2888 1350 2948 pars
1362 2871 1419 2946 ΙΙΙ,
1435 2873 1531 2950 Bryl,
1546 2891 1575 2951 p.
1594 2872 1679 2953 ele.)

491 3085 557 3174 Η.,
577 3084 639 3158 Dei
657 3086 765 3179 gratia
779 3086 1092 3159 Romanorum'rex
1116 3094 1151 3158 et
1170 3106 1306 3182 semper
1320 3094 1500 3178 angustus.
1522 3081 1728 3182 Religiosam
1746 3090 1853 3163 vitam

442 3208 651 3283 habentibus
664 3212 779 3304 regale
796 3208 900 3283 debet
916 3208 1038 3283 adesse
1050 3208 1242 3306 presidium
1254 3230 1299 3283 ne
1316 3210 1470 3302 cujusvis
1481 3214 1680 3285 temeritatis
1696 3214 1854 3288 incursus

443 3342 503 3406 ant
520 3354 580 3405 eas
604 3356 626 3407 a
647 3334 740 3407 bono
759 3334 933 3430 proposito
954 3344 1093 3406 revocet
1115 3344 1175 3406 aut
1202 3334 1239 3405 in
1261 3334 1327 3423 eis,
1354 3334 1451 3429 quod
1470 3336 1579 3430 absit,
1609 3338 1715 3410 robur
1735 3348 1856 3412 sancte

444 3458 714 3530 conversationis
731 3457 907 3551 infringat.
928 3457 1014 3529 Cum
1028 3458 1135 3551 igitur
1146 3458 1290 3531 ecclesia
1302 3458 1347 3531 de
1360 3460 1546 3553 Kizingeu,
1572 3462 1662 3533 sicut
1677 3463 1855 3537 intellexi-

443 3602 537 3672 mus,
557 3582 705 3673 agitetur
714 3582 885 3678 pressuris
898 3582 1143 3678 multiplicibus
1155 3592 1189 3656 et
1202 3583 1348 3657 diversis
1356 3586 1615 3678 gravaminibus
1625 3589 1853 3683 opprimatur,

444 3706 595 3778 volentes
624 3706 657 3778 ei
680 3729 727 3779 ex
754 3714 917 3780 consueta
941 3716 1057 3780 nostre
1081 3706 1295 3780 celsitudinis
1311 3710 1491 3783 clementia
1511 3712 1712 3807 providere,
1742 3714 1854 3810 ipsam

443 3829 622 3901 ecclesiam
645 3850 686 3901 ac
708 3828 868 3901 dilectam
892 3828 993 3901 nobis
1018 3830 1054 3900 in
1078 3830 1210 3903 Christo
1241 3832 1449 3905 abbatissam
1474 3852 1514 3905 ao
1538 3844 1666 3908 ueteres
1690 3858 1854 3932 personas

443 3952 599 4045 ejusdem
615 3952 758 4025 ecclesie
772 3974 852 4025 cum
867 3954 1029 4026 omnibus
1043 3955 1319 4051 possessionibus
1337 3980 1377 4031 ac
1393 3958 1493 4030 bonis
1509 3960 1619 4055 ipsius
1636 3962 1702 4033 sub
1715 3962 1851 4060 imperii

443 4086 476 4149 et
492 4086 606 4148 nostra
620 4076 830 4171 protectione
844 4078 1052 4172 recepimus,
1081 4078 1147 4151 sub
1173 4078 1315 4152 obtentu
1330 4082 1439 4175 gratie
1453 4093 1571 4156 nostre
1597 4084 1738 4160 firmiter
1761 4088 1850 4161 inbi-

441 4198 562 4273 bentes
573 4222 618 4272 ne
635 4200 760 4295 aliquis
770 4208 831 4273 aut
844 4222 1008 4296 personas
1023 4212 1083 4277 aut
1096 4204 1275 4278 ecclesiam
1291 4206 1329 4277 in
1348 4206 1478 4281 eisdem
1491 4212 1764 4305 possessionibus
1775 4214 1850 4286 sive

440 4322 542 4396 bouis
558 4325 687 4398 audeat
704 4322 939 4419 aliquomodo
957 4320 1148 4400 molestare
1168 4330 1269 4414 Quod
1282 4332 1342 4425 qui
1358 4342 1474 4405 eontra
1487 4334 1750 4429 prohibitionem
1767 4359 1849 4411 nos·

441 4458 528 4520 uam
550 4449 796 4545 presumpserit
812 4456 1030 4546 attemptare,
1060 4450 1331 4546 indignationem
1354 4465 1503 4529 nostram
1518 4479 1556 4530 se
1579 4460 1715 4533 noverit
1729 4462 1847 4542 incur·

440 4594 574 4645 surum.
678 4570 681 4579 '

488 4696 614 4769 Datum
632 4694 729 4791 apud
744 4698 898 4790 Lunam,
920 4694 1037 4772 idibus
1050 4698 1179 4791 martii,
1201 4698 1387 4777 indictione
1402 4706 1478 4783 viis
