4859 6359
459 810 559 871 lauros.
577 806 622 883 7.]
912 796 1110 859 HISTORIA
1135 796 1433 860 DIPLOMATICA.
1810 788 1872 851 635

513 944 640 1015 Datum
665 932 969 1025 Frankenevorde,
990 934 1027 1005 in
1044 922 1213 1030 solempni
1236 932 1348 1023 curia,
1373 930 1433 1003 1111
1451 928 1532 1003 idus
1546 926 1730 1016 febroarii,
1749 923 1870 998 indic-

464 1068 555 1143 tione
568 1065 643 1139 vn.

684 1327 792 1337 o—-ss
801 1325 1038 1334 .....-.----...--
1046 1322 1635 1337 -.a-...n—fflu--a-q--a-——c-n

512 1594 716 1703 Hernicus,
735 1592 1009 1713 Romanorum
1023 1618 1109 1701 rex,
1134 1600 1269 1675 notum
1293 1591 1386 1711 ¹facit
1409 1591 1615 1699 universis,
1644 1590 1869 1675 sententiam
1903 1606 2070 1703 {epm

460 1728 624 1811 dictante
646 1727 790 1811 comite*
808 1726 992 1836 Egeuone
1015 1727 1063 1809 de
1087 1724 1225 1830 Uranh,
1246 1752 1270 1807 s
1288 1752 1329 1807 se
1345 1724 1550 1816 diffinitum
1567 1725 1685 1808 fuisse
1709 1724 1815 1834 cpsod
1836 1723 1868 1805 si
1906 1714 2058 1811 siddim

462 1871 617 1969 treugae
637 1859 798 1945 uiolatae
820 1858 979 1959 fuerint,
1000 1857 1057 1938 illi
1084 1856 1195 1967 cujus
1216 1858 1372 1939 interest
1392 1858 1578 1940 incumbit
1598 1856 1790 1965 probatio,
1809 1854 1870 1939 uel

462 1992 494 2073 si
511 2000 624 2075 testes
650 1992 792 2077 habere
818 2018 896 2077 non
922 1991 1106 2101 potuerit,
1130 1991 1170 2074 in
1196 1990 1463 2075 monomachia
1489 2016 1578 2073 eum
1601 2015 1668 2073 reo
1690 1988 1872 2099 congredi

460 2124 584 2207 debet.

541 2350 674 2429 (Edider.
689 2350 811 2454 Mosae,
828 2349 951 2413 Osoabr.
970 2348 1080 2427 Gessit„
1103 2360 1131 2412 a·
1145 2368 1228 2428 pars,
1243 2350 1367 2411 Docnm
1383 2359 1418 2410 n·
1432 2358 1498 2421 tat,
1516 2350 1654 2429 descript.
1669 2349 1708 2411 ab
1718 2318 1878 2426 nemetes(

580 2473 618 2517 ex
632 2464 748 2536 autogr.
763 2489 804 2503 -
816 2456 926 2532 Purra,
940 2458 1069 2518 Mortuos
1085 2455 1182 2519 Germ.
1197 2456 1322 2532 Histoe,
1337 2464 1361 2517 t.
1375 2456 1429 2530 IV,
1443 2473 1474 2535 p.
1492 2456 1574 2532 80⁰.)

505 2658 566 2746 Η.,
585 2657 648 2730 Dei
671 2657 782 2751 gratie
801 2658 1035 2731 Romanorum
1054 2678 1118 2731 rex
1134 2664 1169 2729 et
1185 2676 1321 2752 semper
1340 2664 1528 2751 augustus,
1550 2656 1721 2732 universis
1734 2657 1870 2755 imperii

457 2780 621 2855 fidelibus
635 2780 765 2875 quibus
780 2802 922 2877 presens
936 2782 1046 2855 littera
1063 2782 1167 2855 fuerit
1188 2790 1343 2874 ostensa,
1365 2781 1510 2874 gretiam
1524 2802 1623 2855 suam
1637 2790 1674 2855 et
1686 2802 1789 2855 omne
1807 2782 1870 2855 bo-

457 2928 554 2979 uum.
574 2906 746 2978 Omnibus
765 2928 842 2979 esse
859 2916 979 2979 uotum
993 2908 1157 2979 volumus
1173 2906 1271 3001 quod
1286 2907 1323 2978 in
1334 2906 1502 3001 solempni
1517 2907 1614 2978 curia
1631 2915 1746 2980 nostra
1762 2908 1870 2979 Vran-

457 3029 668 3123 kenevorde,
682 3031 854 3126 plerisque
867 3030 1003 3127 imperii
1020 3030 1235 3127 principibus
1242 3032 1345 3104 nobis
1357 3030 1608 3122 assistentibus,
1621 3032 1746 3104 comite
1754 3032 1872 3125 Egens

458 3154 503 3227 de
525 3155 592 3227 Ura
606 3157 812 3229 seutentiam
833 3154 998 3245 dictante,
1016 3174 1039 3227 a
1054 3155 1156 3228 uobis
1179 3156 1422 3229 sententialiter
1446 3155 1512 3227 fuit
1529 3154 1715 3228 diffinitum
1729 3155 1825 3250 qaod
1842 3155 1873 3227 si

457 3280 610 3351 manuali
629 3278 699 3351 tide
718 3279 919 3375 interposita
934 3289 1056 3375 treuge
1078 3279 1158 3354 date
1177 3287 1260 3353 sunt
1285 3289 1321 3352 st
1336 3280 1464 3374 aliquis
1487 3281 1563 3352 ittas
1587 3280 1771 3354 motaverit
1787 3288 1822 3353 et
1833 3279 1870 3351 in

457 3423 598 3475 oensem
618 3412 746 3475 tractus
768 3426 806 3475 se
826 3426 1025 3499 expurgare
1053 3406 1223 3491 voluerit,
1250 3405 1299 3475 illi
1320 3406 1377 3477 cui
1395 3403 1446 3501 (a)
1464 3406 1605 3479 interest
1622 3415 1657 3479 et
1674 3405 1730 3477 cui
1747 3406 1870 3501 damp-

457 3548 542 3599 num
559 3527 678 3601 datum
703 3536 756 3600 est
768 3528 938 3600 incumbit
956 3529 1131 3623 probatio,
1156 3539 1196 3601 nt
1214 3530 1313 3601 tertia
1330 3551 1433 3602 manu
1449 3528 1677 3623 jurejurando
1693 3528 1870 3604 confirmet

459 3650 554 3744 quod
566 3651 824 3743 treugeviolate
837 3661 936 3743 sunt3
956 3653 1014 3726 vel
1027 3653 1057 3725 si
1070 3661 1174 3725 testes
1186 3654 1391 3727 haberenon
1405 3655 1566 3749 potuerit,
1583 3655 1618 3727 io
1629 3646 1881 3729 monomachia

457 3794 571 3847 coram
585 3775 704 3868 judice
718 3776 864 3850 seculari
881 3798 960 3849 cum
973 3798 1016 3850 eo
1031 3774 1078 3874 (t)
1097 3777 1353 3872 congredietur.

504 3900 629 3971 Datum
641 3900 944 3991 Vrankeuevorde,
962 3902 1021 3972 1111
1036 3900 1118 3973 idus
1133 3902 1312 3993 februarii,
1329 3901 1518 3976 indictione
1529 3904 1602 3976 vn.

1254 4214 1656 4229 ,Ἣ

509 4490 803 4575 Constitutiones
821 4492 971 4577 Heurici
988 4494 1249 4579 Romanorum
1267 4495 1369 4605 regis
1390 4506 1428 4579 et
1446 4496 1660 4605 principum
1678 4496 1865 4582 Alcman·-
1901 4523 2052 4623 anpgpm

456 4619 542 4706 niae
560 4621 608 4705 de
630 4622 739 4707 reisis
760 4623 943 4732 publicis,
965 4627 1013 4709 de
1029 4627 1249 4735 haereticis,
1278 4627 1327 4709 de
1354 4627 1583 4712 exhibitione
1597 4628 1785 4740 justitiae,
1814 4631 1864 4716 de
1900 4632 1926 4674 ¹¹
1940 4606 2063 4678 “M

497 4804 538 4884 (a)
560 4804 629 4883 8103
643 4806 767 4871 forsitan
780 4812 873 4874 ctt‘w.

496 4908 537 4991 (b)
559 4911 608 4975 Sic
620 4915 651 4975 in
665 4915 793 4980 duobus.
809 4916 1014 4983 vensimnter
1027 4920 1184 5000 tegendum
1198 4936 1263 4981 com
1276 4936 1335 4983 reo.
