4859 6359
927 719 1056 779 iltuitx
1079 712 1426 779 DOCUMENTORUM.
1818 710 1878 776 985

470 926 608 1047 Q

892 1064 955 1107 rem
966 1048 999 1105 in
1012 1052 1154 1123 apparatu
1166 1046 1289 1125 puoidco
1301 1048 1402 1108 venire
1410 1051 1578 1125 properant,
1586 1043 1712 1107 liberum
1720 1047 1878 1107 transitum

891 1145 1072 1221 permittant.
1817 1148 1876 1203 477

481 1246 600 1322 vinidi.
679 1240 783 1301 licata.
853 1274 895 1285 -
913 1240 962 1300 Ad
974 1239 1215 1316 supplicationem
1228 1240 1348 1300 Henrici
1362 1247 1393 1301 et
1411 1238 1538 1301 Conradi
1554 1238 1681 1299 fratrum
1698 1238 1878 1317 lantgravio-

893 1354 959 1397 rum
977 1337 1174 1414 Tburlngiae‚
1192 1337 1338 1413 hospitale
1355 1336 1455 1397 Sancti
1471 1336 1620 1397 Francisci
1638 1334 1717 1411 apud
1736 1336 1879 1414 Marpurg

894 1450 962 1493 cum
975 1432 1113 1493 omnibus
1125 1437 1191 1509 ejus
1205 1434 1323 1510 iuribus
1336 1434 1437 1493 domui
1458 1433 1612 1509 hospitalis
1629 1431 1752 1492 Sanctae
1768 1432 1879 1493 Mariae

894 1530 1142 1591 'theutonicorum
1154 1530 1279 1591 confert.
1676 1535 1828 1607 478,777.
1847 1538 1875 1591 7.

681 1624 784 1686 Reate.
855 1658 895 1671 -
913 1626 1087 1687 lombardis
1099 1626 1200 1687 scribit
1213 1627 1338 1703 quodsi
1351 1626 1587 1687 demandaverit
1599 1630 1634 1685 ut
1646 1624 1771 1685 iiberom
1784 1630 1879 1688 bans-

818 1773 821 1778 ,
894 1726 970 1784 itum
989 1724 1093 1783 darent
1109 1723 1252 1784 militibus
1272 1723 1311 1783 ad
1326 1726 1531 1800 imperatorem
1552 1739 1606 1799 pro
1624 1722 1756 1783 subsidio
1776 1722 1878 1784 Eccle-

894 1823 955 1881 siae
981 1827 1081 1880 contra
1111 1822 1260 1880 Romanos
1285 1820 1488 1893 venientibus,
1514 1836 1574 1879 non
1601 1820 1634 1878 in
1660 1818 1759 1895 aliquo
1790 1820 1879 1879 modo

894 1922 1078 1990 moveantur,
1089 1916 1161 1977 dnm
1171 1933 1231 1976 non
1240 1924 1332 1977 cesset
1344 1934 1397 1994 pro
1408 1932 1510 1977 eorum
1521 1920 1600 1977 statu
1614 1916 1813 1976 conservando
1824 1932 1880 1992 op-

894 2019 1020 2089 portuna
1031 2013 1152 2073 consilia
1164 2014 1303 2089 cogitare.
1735 2020 1805 2084 477,
1821 2022 1879 2073 477

584 2154 594 2173 .
682 2110 784 2171 Reate.
856 2142 896 2153 -
914 2110 1121 2170 Treverensem
1145 2108 1394 2185 archiepiscopum
1415 2112 1516 2167 monet
1540 2125 1572 2168 77
1593 2108 1720 2169 11777177
1740 2108 1882 2169 Friderici

894 2207 1094 2267 Romanorum
1112 2206 1297 2281 imperatoris
1313 2203 1375 2263 fluo
1392 2204 1541 2279 scripsisse
1558 2210 1593 2263 ut
1602 2208 1692 2281 Juxta
1710 2206 1881 2280 promissio-

894 2319 963 2363 nem
982 2318 1066 2362 suam
1083 2304 1161 2378 patri
1179 2316 1234 2361 suo
1255 2300 1381 2361 devotus
1401 2306 1431 2359 et
1448 2299 1588 2359 obediens
1605 2302 1725 2360 existat.
1740 2300 1882 2377 Alioquin

894 2402 1111 2477 archiepiscopo
1135 2398 1259 2459 mandat
1279 2404 1314 2459 nt
1337 2398 1473 2459 eumdem
1495 2398 1655 2458 Henrlcum
1675 2414 1729 2475 pro
1755 2401 1882 2475 perjurio

894 2499 1182 2558 excommunicatum
1205 2512 1258 2571 per
1285 2496 1461 2555 Teutoniam
1483 2496 1604 2557 nunciet
1624 2500 1654 2555 et
1675 2496 1809 2555 nunciant
1835 2494 1882 2555 ia·

894 2597 964 2657 ciat.
1822 2599 1880 2652 478
1985 2626 1991 2641 ·

474 2697 509 2750 18
529 2690 606 2768 julii.
681 2693 783 2755 117777.
855 2723 896 2735 -
914 2690 962 2750 Ad
974 2706 1075 2767 preces
1081 2689 1223 2749 Friderici
1233 2690 1433 2749 Romanorum
1443 2687 1639 2763 inperatoris,
1646 2686 1738 2747 electo
1749 2685 1882 2747 curiensi

436 2812 439 2817 ·
894 2788 1028 2847 concedit
1039 2793 1075 2846 ut
1093 2785 1206 2846 1777777
1224 2783 1432 2844 beneficiorum
1449 2799 1526 2861 quas
1543 2785 1626 2859 prins
1644 2785 1785 2843 canonice
1803 2783 1882 2843 obti-

894 2884 993 2955 nebat,
1006 2899 1099 2959 nsque
1112 2882 1151 2942 ad
1165 2898 1253 2942 suum
1265 2880 1481 2957 beneplacitum
1495 2882 1620 2940 retinere
1633 2881 1736 2956 possit.
1821 2886 1880 2939 478

492 2990 509 3040 7
523 2996 594 3061 aug.
623 2980 838 3059 Apbrronem.
855 3013 897 3024 —
915 2978 1051 3039 Nobilem
1065 2980 1163 3037 virum
1181 2977 1348 3037 Jobannem
1367 2974 1405 3034 ds
1424 2974 1538 3035 ibelino
1557 2977 1655 3053 arguit
1674 2972 1755 3050 quod
1771 2972 1883 3033 Fride-

896 3080 989 3138 ricum
1002 3077 1203 3138 Romanorum
1216 3076 1420 3150 imperatorem
1433 3068 1600 3145 offenderit,
1612 3074 1697 3150 eique
1710 3071 1834 3131 mandat
1847 3076 1882 3131 ut

894 3174 1065 3236 sadsiaclat.
1702 3176 1756 3228 487
1776 3174 1806 3229 77
1821 3175 1877 3228 sis

484 3272 586 3355 essang.
670 3270 793 3348 Spoleti.
854 3303 896 3317 -
915 3269 1060 3330 Omnibus
1081 3266 1219 3344 praelatis
1240 3265 1496 3342 Hierosolymitani
1516 3265 1599 3343 regni
1613 3265 1745 3337 nuntiat,
1760 3280 1792 3323 se
1811 3280 1880 3325 cum

894 3370 1001 3429 Terrae
1014 3366 1139 3428 Sancum
1151 3363 1282 3424 subsidio
1296 3360 1529 3423 subveniendum
1541 3361 1717 3438 providerit,
1731 3361 1770 3421 ad
1783 3368 1879 3439 partas

894 3467 960 3528 iilas
969 3466 1117 3525 destinare
1130 3460 1343 3523 Theodericum
1356 3460 1515 3520 Ravennae
1525 3458 1786 3536 archiepiscopum,
1801 3458 1880 3534 lipo-

894 3562 1015 3622 stoiicae
1026 3558 1110 3620 Sedis
1122 3558 1267 3635 legatum,
1282 3556 1332 3616 cni
1345 3570 1434 3631 super
1446 3570 1518 3630 pace
1530 3553 1572 3613 ibi
1584 3553 1770 3615 reformanda
1782 3558 1878 3615 inten-

895 3658 964 3718 dere
975 3660 1143 3733 procurent.
1525 3712 1529 3724 ,
1819 3658 1875 3709 487

490 3765 591 3836 sang.
670 3752 791 3833 Spoleti.
855 3786 897 3801 -
913 3752 1054 3814 Praelatio
1066 3755 1097 3809 et
1108 3748 1252 3827 universis
1268 3747 1350 3824 regni
1367 3744 1625 3821 Hierosolymitani
1638 3743 1759 3803 mandat
1774 3749 1808 3803 ut
1824 3760 1878 3821 pa·

894 3866 959 3913 cem
971 3852 1050 3908 inter
1061 3849 1140 3922 ipsos
1161 3850 1191 3905 et
1208 3845 1415 3920 imperatorem
1436 3842 1539 3901 initam
1556 3840 1763 3902 inviolabiliter
1778 3840 1879 3901 obser-

892 3952 979 4016 vent;
1007 3943 1138 4019 alloquin
1161 3955 1194 4001 77
1220 3938 1436 4016 archiepiscopo
1462 3937 1627 3997 Ravennati
1653 3938 1878 4013 injunxissent

892 4044 993 4103 omnia
1004 4042 1037 4099 in
1049 4054 1119 4099 cnm
1138 4041 1249 4097 statum
1265 4036 1386 4097 reducat
1399 4036 1430 4094 in
1450 4050 1509 4111 quo
1522 4038 1591 4093 anie
1603 4032 1753 4095 subortam
1768 4036 1877 4095 (117777-

893 4140 973 4200 diam
984 4136 1077 4197 771777
1089 4138 1263 4195 noscuntur.
1729 4138 1799 4204 477,
1816 4138 1873 4190 aas

482 4243 593 4316 esept.
667 4232 790 4311 Spoleti.
851 4268 892 4281 -
911 4235 1071 4297 Universos
1091 4230 1192 4290 fideles
1214 4245 1268 4305 per
1291 4227 1430 4305 angliam
1463 4226 1637 4286 constitutos
1666 4231 1766 4285 monet
1795 4227 1875 4303 qnod

891 4348 985 4412 quum
1006 4332 1123 4390 vicinus
1143 4330 1182 4388 sit
1202 4328 1347 4387 terminus
1364 4330 1533 4402 treugarum
1553 4322 1592 4383 ab
1610 4325 1784 4400 imperatore
1806 4340 1874 4387 cum

890 4430 1012 4491 soldano
1029 4430 1186 4496 initurum,
1200 4425 1326 4501 quisque
1338 4421 1377 4483 ad
1390 4422 1496 4482 Terrae
1508 4420 1631 4483 Sanctae
1648 4420 1811 4481 subsidium
1826 4426 1874 4482 vi-

891 4527 983 4586 riiiter
995 4540 1027 4585 se
1039 4525 1185 4600 accingat.
1678 4524 1748 4590 487,
1762 4524 1826 4580 777.
1845 4528 1873 4581 7.

487 4628 593 4685 77777.
666 4619 790 4681 Perusii.
852 4654 891 4666 -
911 4618 1084 4680 liestoribus
1102 4615 1254 4677 8771777717
1275 4611 1468 4674 lombardiae
1485 4610 1587 4672 scribit
1605 4612 1811 4694 imperatorem
1826 4621 1874 4675 to-

891 4724 957 4778 tum
968 4716 1119 4793 negotium
1133 4713 1214 4790 qnod
1226 4714 1303 4771 inter
1314 4712 1411 4787 ipsum
1422 4716 1451 4769 et
1463 4708 1643 4770 lombardos
1657 4712 1790 4783 veromr,
1806 4728 1875 4787 pro·

892 4813 997 4873 7171771
1009 4812 1156 4872 Ecclesiae
1175 4809 1304 4887 praecise
1322 4808 1518 4881 commissam
1533 4806 1613 4867 unde
1624 4806 1698 4883 petit
1709 4812 1744 4867 ut
1756 4806 1812 4869 sibi
1825 4824 1876 4886 pa·

548 4920 603 4983 lV.
623 4934 715 4995 rma
1662 4920 1719 4974 774
