4859 6359
642 822 703 886 838
1138 821 1354 885 sntosntm
1377 823 1551 887 SECUNDI
1860 821 1941 907 [Asu.
1959 821 2045 886 1236.

645 959 774 1034 habere
789 966 826 1033 st
840 955 1042 1033 confirmare
1055 956 1101 1033 de
1115 967 1233 1034 nostru
1249 961 1361 1056 gratia
1374 960 1611 1054 dignaremur.
1628 956 1735 1052 cnjus
1755 957 1874 1055 scripti
1887 967 1986 1031 tenor
1995 969 2049 1032 est

644 1105 707 1182 per
721 1083 837 1158 omnia
852 1083 952 1158 talisz

693 1211 731 1282 ln
749 1207 888 1280 nomine
901 1205 1053 1281 Domini.
1080 1205 1204 1282 Amen.
1225 1205 1283 1281 Ad
1302 1209 1471 1282 cantelam
1496 1205 1680 1280 scribenda
1695 1215 1776 1280 snnt
1799 1206 1954 1302 negotia,
1977 1214 2044 1280 etc.
2170 1199 2173 1201 Α

648 1331 758 1432 [Quod
770 1331 911 1403 babetur
925 1353 971 1402 co>
988 1331 1144 1426 captanti
1155 1353 1245 1404 cono
1257 1332 1368 1405 eodem
1383 1332 1479 1408 1236
1483 1387 1499 1422 ,
1512 1333 1561 1404 IV
1571 1331 1651 1403 idue
1661 1329 1775 1402 martii
1786 1325 1816 1425 (t
1825 1329 1870 1426 ).]

692 1457 763 1530 Nos
778 1456 886 1551 igitur
900 1454 975 1528 suis
986 1455 1295 1552 supplicationibus
1310 1466 1520 1548 annuentes,
1541 1456 1580 1528 in
1597 1456 1751 1528 mvorem
1765 1454 1963 1528 monasterii
1973 1475 2048 1529 me·

644 1582 767 1656 morati
779 1578 875 1676 quod
891 1581 999 1654 muita
1018 1578 1169 1676 dampna
1190 1601 1332 1676 passum
1353 1579 1466 1653 inerat
1486 1600 1548 1676 per
1574 1578 1744 1671 eundem,
1773 1579 1938 1674 scriptum
1960 1578 2047 1650 infra

645 1713 844 1780 contentum
860 1712 895 1776 et
905 1704 1021 1779 omnia
1031 1725 1102 1800 qne
1115 1704 1334 1778 eontinentur
1343 1703 1380 1776 in
1394 1724 1437 1777 eo
1452 1711 1528 1778 rata
1539 1703 1709 1776 babemus
1718 1712 1754 1775 et
1763 1702 1809 1775 de
1819 1702 1938 1774 innata
1949 1700 2049 1774 nobis

645 1829 755 1922 gratia
769 1827 1027 1902 confirmamus.
1041 1826 1097 1901 Ad
1110 1829 1211 1920 cnjus
1222 1828 1273 1901 nei
1285 1826 1484 1902 memoriam
1502 1835 1539 1901 et
1554 1827 1714 1901 stabilem
1729 1825 1943 1912 firmitatem,
1969 1845 2048 1922 pre-

645 1973 724 2026 sens
739 1952 903 2048 scriptum
917 1949 992 2024 fieri
1006 1959 1041 2024 et
1055 1951 1169 2046 sigillo
1183 1959 1299 2025 nostro
1312 1951 1479 2045 iussimus
1490 1951 1708 2024 communiri.

692 2077 816 2149 Datum
838 2074 936 2170 apud
951 2075 1125 2170 Spiream,
1145 2095 1238 2149 anno
1257 2075 1431 2150 dominice
1451 2073 1696 2148 incarnationis
1714 2071 1895 2146 millesimo
1913 2071 2049 2147 dunen-

645 2199 768 2274 tesimc
783 2197 956 2272 tricesimo
969 2205 1084 2292 sexto,
1102 2217 1223 2272 mense
1236 2198 1359 2297 apati,
1374 2219 1466 2274 none
1479 2196 1689 2274 indictionis.

477 2847 587 2904 mm
699 2814 908 2924 Imperator
934 2824 1109 2898 moturus
1138 2815 1283 2899 bellum
1310 2816 1574 2926 longobardis
1600 2815 1675 2901 sibi
1688 2815 1920 2924 rebellibus,
1939 2841 2056 2927 prae-

557 2935 562 2944 ’
647 2947 763 3030 mittit
779 2948 1009 3058 quingentos
1031 2947 1174 3032 milites
1191 2950 1410 3034 mensurnis
1431 2939 1628 3058 stipendiis
1653 2950 1886 3055 conductos,
1914 2949 2055 3059 quibus

647 3081 817 3192 praeficit
833 3081 1002 3165 nobilem
1023 3081 1149 3166 virum
1172 3091 1211 3166 et
1237 3083 1352 3167 rebus
1370 3083 1515 3167 bellicis
1540 3092 1738 3192 expertum
1756 3083 1992 3168 Geueurdum
2008 3084 2057 3168 de

650 3213 860 3297 Hurnesten
880 3211 963 3323 (2),
983 3225 1028 3297 ut
1054 3215 1157 3322 apud
1179 3213 1369 3298 Vemnem
1394 3223 1564 3324 expectet
1587 3215 1826 3325 imperatoris
1851 3216 2056 3299 exercitum

650 3346 957 3454 subsequentem.
981 3347 1140 3430 Gonnus.
1164 3347 1297 3431 Conon.
1323 3373 1386 3458 ap.
1406 3347 1599 3456 Bonnunn,
1617 3355 1762 3447 Fontes,
1781 3358 1810 3431 t
1829 3347 1878 3452 11,
1897 3375 1939 3458 p.
1959 3350 2052 3435 568.

649 3478 865 3560 -Deinde
899 3477 1094 3586 praemisit
1120 3479 1327 3588 imperator
1356 3480 1562 3564 exercitum
1589 3479 1630 3562 in
1659 3481 1929 3566 Lombmdism
1957 3481 2058 3564 circe

651 3611 790 3695 festum
817 3609 978 3718 Philippi
1001 3619 1040 3692 et
1064 3608 1192 3695 iacobi
1219 3611 1261 3722 (1
1281 3611 1390 3723 mcii)
1410 3613 1459 3695 nd
1483 3611 1752 3697 confortandos
1769 3611 2054 3720 semianimes,

651 3743 793 3854 quibus
820 3741 999 3852 praefecit
1029 3742 1245 3827 Gotfridum
1271 3743 1417 3828 dictum
1441 3743 1616 3830 Pullaere
1642 3743 1718 3855 (5).
1746 3747 1879 3829 maol.
1908 3749 2053 3855 Arpent.

651 3903 713 3985 ap.
734 3875 1105 3984 Bonnnno‚1bid.‚t.
1126 3875 1190 3984 111,
1211 3903 1252 3985 p.
1276 3877 1366 3958 110.

687 4250 724 4326 (t)
744 4249 833 4320 Quum
850 4249 966 4308 editores
981 4251 1104 4308 Menum.
1119 4249 1193 4306 Boio.
1210 4264 1440 4324 supervacaneum
1460 4251 1586 4309 duxerint
1600 4251 1808 4309 instmmentum
1823 4250 1927 4308 diremi
1942 4250 1971 4308 in
1987 4251 2059 4308 inte-

652 4365 729 4423 grum
742 4347 900 4422 producens,
911 4363 961 4404 noe
970 4347 997 4404 id
1010 4347 1116 4404 aliunde
1128 4346 1227 4405 inmun
1238 4347 1397 4422 requisitum
1409 4349 1460 4406 sub
1469 4349 1575 4406 silentio
1588 4350 1802 4423 praetermittere
1812 4348 1941 4422 cogimur.

688 4447 725 4520 (Ξ)
745 4449 850 4517 «42³6,
867 4447 901 4502 to
921 4443 995 4502 maii.
1017 4444 1160 4504 Gaboardo
1173 4445 1348 4505 ambassador
1363 4447 1434 4504 dello
1446 4447 1599 4521 impenador
1611 4447 1740 4521 Fedean'go
1756 4462 1844 4505 venne
1856 4461 1874 4504 n
1886 4445 1993 4506 Veanna
2008 4461 2059 4503 con

653 4545 706 4602 bot
723 4542 847 4600 canalisri
864 4547 892 4600 st
908 4558 959 4600 con
977 4545 1029 4602 tto
1045 4541 1218 4602 baiestneria
1236 4544 1369 4617 guardam
1386 4545 1493 4604 Verona
1512 4549 1608 4619 aposta
1624 4545 1696 4602 delio
1714 4545 1771 4602 dito
1790 4542 1967 4620 impendere.
1980 4563 1994 4598 ι
2009 4545 2060 4602 Za·

653 4655 738 4712 etna,
754 4641 878 4700 Obroatis.
895 4642 1000 4713 Veron..
1013 4657 1042 4716 p.
1058 4643 1104 4700 ³2.

687 4737 723 4813 (3)
741 4739 847 4797 Nomen
858 4738 987 4798 hactenus
998 4739 1155 4812 inauditum,
1168 4746 1196 4798 et
1210 4739 1323 4800 tomitem
1337 4741 1465 4800 mendose
1476 4745 1626 4798 exaratum.
