4859 6359
372 866 472 927 tmrcr.
489 860 532 945 5.]
824 858 1020 921 HISTORIA
1047 858 1339 921 utrtolttlrtca

426 1367 630 1474 Henrious,
651 1370 911 1457 Romanorum
929 1398 1015 1481 rex,
1036 1372 1219 1485 Gregorio
1235 1398 1356 1483 papae
1373 1370 1525 1455 nuntiat
1550 1396 1591 1454 se
1618 1377 1784 1481 sponta-
1830 1384 1968 1492 ,ffl‚

249 1488 251 1495 ’
374 1526 445 1584 nee
457 1501 646 1610 juravisse
663 1504 768 1614 quod
785 1504 975 1615 quidquid
1000 1514 1038 1589 et
1063 1506 1212 1617 quoties
1238 1510 1444 1616 imperator
1467 1514 1575 1615 pater
1599 1528 1692 1587 suus
1718 1527 1785 1586 ore
1859 1492 1943 1548 ''¹¹¹¹''

374 1634 434 1718 rel
451 1634 587 1719 litteris
604 1637 842 1722 mandaverit
859 1637 1095 1747 faciendum,
1115 1639 1156 1722 id
1172 1638 1384 1723 voluntarie
1400 1648 1437 1723 et
1454 1638 1556 1723 bona
1576 1637 1652 1721 fide
1666 1663 1782 1723 eom-

374 1764 511 1875 plebit,
528 1776 600 1851 ete.

457 1980 623 2061 (Memorat.
638 1985 670 2043 ln
685 1983 834 2046 Sum.
856 1983 991 2067 privileg.
1006 1983 1087 2049 trel.
1102 1988 1199 2063 llum,
1219 2004 1257 2049 ex
1279 1988 1348 2051 end.
1361 1986 1445 2049 eard.
1459 1984 1617 2063 ottoboni,
1630 2000 1680 2064 ap.
1692 1984 1783 2047 ltn-

493 2105 581 2163 naun,
597 2087 734 2171 Ampliat.
749 2088 869 2165 collect..
884 2099 909 2153 l.
924 2094 966 2173 11,
977 2094 1035 2155 eol.
1053 2092 1154 2173 1²48.)

424 2274 547 2350 littera
563 2276 699 2351 Henriei
716 2280 807 2375 regis
824 2280 1056 2353 Romanorum
1075 2278 1216 2354 domino
1235 2280 1397 2375 Gregorio
1412 2300 1504 2377 pape
1520 2278 1648 2352 directa
1653 2332 1780 2351 .....

375 2450 538 2471 ......
565 2402 743 2475 continens
765 2402 862 2499 quod
885 2404 979 2478 idam
998 2426 1060 2477 rex
1077 2403 1218 2479 domino
1238 2427 1327 2501 pape
1342 2414 1463 2477 notum
1487 2402 1568 2476 lacit
1590 2402 1688 2498 qnod
1709 2403 1785 2499 ipse

372 2530 468 2593 motu
486 2525 624 2619 proprio
644 2536 679 2599 et
702 2536 892 2623 spontanee
912 2528 1090 2601 voluntate
1107 2528 1241 2623 juravit
1261 2526 1358 2623 quod
1378 2526 1552 2623 quidquid
1573 2536 1609 2599 et
1624 2527 1784 2621 quotiens

373 2644 534 2721 dominns
561 2648 765 2725 Frederieus
794 2654 1024 2725 Romanorum
1053 2652 1253 2749 imperator,
1278 2674 1344 2725 ren
1373 2652 1560 2725 Jerusalem
1590 2660 1626 2723 et
1650 2650 1781 2745 Sicilie,

369 2780 469 2867 pater
486 2795 583 2865 suus,
603 2796 683 2847 eum
699 2775 821 2850 eodem
841 2798 924 2869 rege
942 2778 1100 2875 disponet
1117 2778 1173 2852 rel
1193 2799 1255 2851 ore
1271 2799 1336 2851 suo
1353 2785 1414 2849 aut
1428 2776 1550 2849 litteris
1568 2774 1784 2850 mandaverit

371 2896 584 2989 laciendum,
601 2900 675 2991 ipse
687 2922 751 2974 rex
764 2900 957 2975 voluntarie
970 2912 1005 2975 et
1019 2902 1110 2977 bona
1126 2902 1195 2977 lide
1208 2900 1406 2998 complebit,
1423 2909 1458 2974 et
1470 2898 1568 2995 quod
1580 2921 1650 2972 non
1664 2901 1730 2973 erit
1746 2900 1783 2973 in

371 3019 479 3113 dieto,
496 3023 652 3116 oonsilio,
673 3027 763 3100 laeto
777 3027 833 3099 rel
853 3048 1023 3101 eonsensu
1043 3037 1103 3101 ant
1121 3027 1243 3100 litteris
1256 3026 1406 3122 publicis
1423 3026 1481 3099 vel
1500 3024 1642 3097 occultis
1657 3045 1782 3121 procu·

370 3146 463 3219 rabit
476 3148 607 3243 aliquid
622 3151 679 3224 vel
697 3150 888 3246 quidquam
902 3152 1005 3225 laeiet
1020 3152 1116 3246 quod
1131 3152 1178 3225 ad
1197 3150 1457 3223 incommodum
1473 3158 1507 3222 et
1523 3148 1686 3222 damnum
1701 3171 1782 3245 per·

371 3290 456 3344 sone
480 3294 562 3361 sue,
585 3282 691 3365 terre,
716 3274 868 3367 honoris,
892 3275 1068 3371 dignitatis
1087 3274 1197 3371 ipsius
1221 3277 1327 3371 patris
1349 3274 1460 3347 cedat.
1488 3274 1530 3345 llt
1551 3272 1582 3345 si
1603 3272 1728 3367 aliquis
1749 3274 1783 3346 ei

371 3394 564 3490 quidquam
583 3406 702 3472 oontm
718 3398 831 3494 ipsum
846 3409 976 3495 patrem
994 3410 1155 3495 suggeret
1173 3399 1312 3495 publice
1327 3399 1384 3471 vel
1401 3398 1549 3489 occulte,
1566 3396 1679 3470 eidem
1697 3397 1783 3491 patri

371 3520 633 3612 suggerentium
651 3522 770 3594 lalinm
786 3523 960 3595 nuntiabit
975 3534 1011 3596 et
1028 3525 1220 3597 nominabit
1234 3546 1412 3620 personas.

421 3637 565 3741 [Datum
587 3645 682 3741 apud
704 3647 899 3720 Sibidatum
923 3648 959 3719 in
986 3650 1072 3721 Foro
1100 3649 1201 3741 tulii,
1222 3671 1315 3723 anno
1342 3646 1515 3721 dominice
1540 3642 1785 3720 incarnationis

371 3768 420 3841 ld.
436 3766 498 3840 CC.
515 3768 661 3865 XXXII,
680 3793 799 3846 mense
817 3772 953 3869 aprilis,
971 3773 1002 3847 V
1020 3772 1219 3846 indictionis
1232 3770 1325 3871 (l).}

1532 4046 1569 4059 ,Δ

424 4293 630 4401 Esuriens,
650 4295 911 4381 Romanorum
937 4322 1023 4405 rex,
1043 4296 1173 4381 abbati
1191 4296 1337 4403 [Sancti
1363 4295 1530 4407 Georgii]
1549 4295 1651 4404 apud
1678 4292 1783 4376 Stain

372 4428 499 4536 [super
515 4428 719 4537 Rhenuml,
748 4430 799 4512 ad
825 4430 1074 4514 imitationem
1098 4430 1278 4515 Frideriei
1294 4429 1532 4540 imperatoris
1559 4427 1679 4538 patris
1705 4426 1781 4536 sui,

407 4694 444 4769 (t)
462 4694 548 4751 Notae
567 4695 769 4769 chronologicae
781 4696 890 4754 omnino
904 4697 1010 4756 desunt.
1026 4698 1150 4772 lnspeota
1167 4702 1265 4777 tamen¹
1276 4712 1358 4772 qnam
1377 4712 1460 4771 supra
1471 4696 1559 4754 denuo
1572 4695 1703 4754 edidimus
1714 4694 1785 4753 Gre-

372 4792 437 4863 gorii
451 4806 540 4865 papae
551 4792 712 4867 epistola,p.
726 4796 788 4866 trt,
799 4794 864 4851 nihil
877 4795 951 4851 dubii
963 4800 1086 4870 superest
1099 4794 1164 4868 quin
1177 4796 1244 4852 istae
1254 4796 1366 4852 eaedem
1378 4795 1433 4852 sint
1445 4794 1517 4867 regis
1525 4794 1630 4852 litterae
1640 4794 1675 4851 de
1686 4794 1785 4867 quibus

372 4888 473 4946 ibidem
484 4890 585 4947 mantio
596 4889 635 4947 fit.
645 4890 823 4949 Undedatum
834 4891 912 4950 tacita
922 4892 1089 4967 supplemus,
1100 4892 1196 4951 cedato
1204 4893 1372 4967 patriarchae
1380 4892 1573 4967 tqnitsgiansu
1583 4897 1786 4952 etcaeterorum

373 4986 502 5045 nobilium
514 4988 706 5062 instrumento,
721 4990 793 5064 quod
809 5006 907 5065 supra,
921 5007 950 5065 p.
967 4994 1030 5049 ³25.
