4859 6359
405 831 503 891 unm.
519 830 564 907 9.]
853 832 1051 894 lllsroullt
1076 829 1368 892 ulahouarlcll.
1755 829 1814 893 85¹1

405 964 436 1037 si
448 986 571 1039 manus
583 965 620 1036 in
632 987 709 1038 eam
728 967 862 1040 mittero
879 968 1063 1063 potuisset,
1082 967 1189 1039 ubera
1202 967 1278 1058 ejus
1296 965 1417 1036 infelix
1435 965 1539 1038 homo
1557 964 1735 1061 precidere
1744 966 1811 1036 mi-

404 1087 563 1161 nabatur.
582 1090 626 1160 Et
648 1089 715 1161 nisi
731 1090 778 1163 ad
798 1100 833 1163 te
849 1090 1013 1163 dilectum
1030 1090 1222 1184 principem
1242 1101 1396 1161 nostrum
1423 1100 1458 1163 et
1476 1090 1614 1163 affinem
1632 1089 1809 1163 habuisset

405 1212 617 1306 confugium,
632 1235 712 1285 cnm
727 1214 869 1287 consilio
886 1225 945 1287 tuo
958 1214 1175 1310 postmodum
1186 1212 1233 1286 ad
1244 1213 1449 1307 presentiam
1460 1222 1609 1286 nostram
1622 1212 1805 1304 accedens,

404 1352 474 1405 non
491 1332 633 1411 haberet
649 1337 712 1411 nbi
729 1348 834 1432 capnt
848 1346 942 1412 unte
954 1336 1141 1413 nobilitatis
1158 1333 1299 1409 domina
1312 1336 1510 1425 reclinaret;
1539 1357 1607 1429 qne
1623 1336 1808 1431 lachrymis

405 1456 500 1550 apud
516 1460 628 1531 Deum
645 1469 759 1542 atnoe
779 1461 926 1534 clamore
941 1459 1283 1553 continuoqnerola,
1307 1478 1376 1531 non
1405 1465 1515 1531 cassat
1537 1458 1711 1549 justiciam
1741 1458 1810 1533 sibi

406 1577 573 1655 adversus
588 1592 659 1655 tam
676 1584 874 1679 improbam
885 1583 996 1657 tilium
1010 1584 1205 1677 implorare.
1215 1582 1288 1654 Nee
1301 1603 1484 1677 possumus
1497 1582 1632 1655 silentio
1645 1584 1809 1678 preterire
1827 1582 1846 1604 ·’

405 1706 553 1797 qualiter
565 1706 798 1779 marchionem
813 1708 1032 1798 hlisnensem,
1046 1706 1113 1778 eibi
1129 1726 1317 1779 sororesna
1332 1707 1455 1802 nuptui
1469 1706 1605 1797 tradita,
1621 1716 1656 1779 et
1672 1706 1707 1778 in
1720 1716 1809 1793 terra

406 1848 470 1899 sna
487 1830 619 1924 nuptiis
637 1831 833 1918 celebratis,
854 1831 1065 1926 comprima
1085 1829 1174 1902 thori
1196 1829 1326 1923 gandia
1347 1830 1525 1920 coluisset,
1552 1850 1735 1923 aggressus
1757 1840 1808 1903 est

405 1970 465 2023 eos
483 1952 519 2024 in
537 1954 624 2025 lecto
640 1953 754 2026 nudos
771 1963 807 2026 et
827 1975 970 2048 surgere
987 1975 1057 2026 non
1080 1952 1249 2047 permisit,
1277 1952 1388 2024 donec
1410 1972 1470 2024 eos
1491 1951 1712 2024 inmanibus
1732 1952 1808 2043 ejus

406 2095 542 2148 omnem
555 2076 670 2149 dotem
688 2087 723 2149 et
737 2080 796 2170 jus
811 2076 857 2149 de
873 2078 1001 2171 quibus
1019 2078 1198 2149 tenebatur
1223 2077 1274 2147 eis
1295 2096 1357 2169 pro
1383 2074 1563 2169 maritagio
1580 2076 1805 2170 respondere,

405 2202 558 2294 oportuit
584 2202 777 2275 necessario
799 2202 989 2292 remisisse,
1016 2209 1134 2274 contra
1154 2200 1371 2273 securitatem
1394 2200 1459 2271 sibi
1483 2200 1684 2295 promissam
1712 2202 1809 2300 quod

403 2321 534 2396 nullam
551 2324 693 2398 deberet
707 2325 759 2398 sis
777 2326 976 2420 petitionem
992 2327 1104 2398 iacere
1121 2326 1178 2397 vel
1195 2324 1430 2397 remissionem
1446 2324 1597 2419 aliquam
1613 2326 1805 2420 postulare;

405 2456 499 2519 metu
513 2447 655 2543 insuper
668 2450 807 2521 incusso
824 2448 877 2545 (o)
895 2449 1174 2521 ministerialibus
1195 2449 1269 2521 suis
1290 2448 1385 2543 quod
1404 2449 1521 2521 nullus
1544 2448 1719 2539 evaderet,
1741 2448 1808 2521 nisi

404 2570 572 2664 quicquid
586 2572 729 2667 petierat
740 2573 985 2667 compleretur3
1001 2582 1041 2643 nt
1054 2572 1121 2644 sibi
1140 2582 1175 2644 et
1190 2573 1267 2644 aliis
1278 2572 1352 2645 suis
1365 2572 1495 2644 intimis
1505 2582 1701 2667 persecutor
1713 2583 1748 2645 et
1759 2582 1810 2669 ty·

403 2714 533 2783 rannus
540 2695 752 2768 abomnibus
764 2697 801 2767 in
810 2697 986 2769 communi
994 2717 1136 2790 opernm
1142 2696 1276 2788 judicio
1287 2704 1493 2767 censeretur.
1502 2694 1637 2779 Quibus
1647 2697 1809 2768 omnibus

403 2819 568 2909 laoessiti‚
589 2841 667 2891 cnm
678 2827 774 2892 tanta
784 2820 830 2892 sit
844 2820 954 2915 ipsius
969 2819 1134 2913 iniquitas
1145 2818 1241 2913 quod
1252 2840 1320 2891 non
1335 2817 1441 2912 possit
1459 2818 1598 2891 veniam
1608 2821 1806 2913 promereri,

403 2940 450 3013 ad
466 2952 516 3040 tot
532 2942 770 3037 queremonias
788 2943 985 3039 principum
1003 2943 1168 3015 innostra
1185 2941 1357 3037 presentia
1374 2940 1567 3036 replicatas,
1586 2940 1632 3013 ad
1651 2942 1809 3035 querelas

402 3074 436 3137 et
451 3066 644 3163 lachrymas
659 3068 779 3141 matris
792 3088 856 3141 sue
867 3066 1013 3163 petentis
1024 3066 1069 3139 de
1081 3075 1197 3139 nostra
1211 3064 1295 3139 sede
1307 3065 1498 3157 judicium,
1515 3064 1562 3137 ad
1577 3064 1809 3161 lachrymosas

401 3210 505 3263 voces
526 3191 693 3263 nobilium
721 3201 757 3265 et
781 3192 1019 3287 popularium,
1050 3190 1283 3285 orphanorum
1304 3199 1339 3263 et
1362 3189 1565 3279 viduarum,
1596 3198 1630 3261 et
1655 3190 1809 3261 omnium

401 3313 666 3387 inhabitantium
680 3325 806 3389 terram
823 3338 941 3407 suam,
960 3338 1076 3389 eoram
1087 3318 1158 3388 Deo
1169 3324 1203 3388 et
1215 3315 1317 3388 nobis
1334 3312 1554 3387 clamantium
1567 3323 1684 3387 contra
1702 3335 1805 3403 enm;

402 3435 617 3511 attendentes
625 3440 767 3535 insuper
780 3440 928 3513 offensas
939 3450 1072 3513 nostras
1083 3449 1118 3511 et
1132 3439 1267 3533 imperii
1278 3460 1339 3533 per
1353 3458 1432 3509 enm
1445 3438 1603 3531 nequiter
1613 3446 1805 3529 attentatas,

402 3558 449 3633 ad
463 3560 672 3653 condignam
692 3564 936 3636 correctionem
951 3562 1125 3655 ejusdem,
1153 3563 1316 3653 exigente
1324 3560 1481 3655 justicia,
1502 3560 1669 3633 duximus
1687 3562 1808 3633 insur-

401 3682 572 3777 gendum,
587 3686 785 3781 responsuri
802 3687 906 3758 stulto
925 3685 971 3781 (h)
989 3685 1181 3759 secundnm
1197 3685 1382 3758 stulticiam
1397 3706 1516 3774 suam,
1531 3706 1575 3757 ne
1592 3685 1730 3780 sapiens
1741 3686 1807 3758 sihi

401 3804 579 3896 videatur,
598 3808 662 3881 sed
684 3808 795 3882 discat
810 3830 873 3905 per
889 3830 927 3883 se
942 3810 1056 3904 ipsum
1072 3810 1219 3903 qualiter
1244 3810 1356 3881 Deum
1375 3809 1495 3881 timere
1518 3808 1659 3901 debeat,
1680 3832 1721 3881 ac
1744 3832 1807 3884 nos

400 3940 435 4001 et
452 3930 635 4026 imperium
656 3941 811 4005 teneatur
828 3935 991 4007 omnibns
1015 3934 1129 4006 modis
1146 3933 1312 4006 revereri.
1336 3934 1412 4019 Que
1436 3934 1553 4005 omnia
1580 3934 1643 4005 tibi
1670 3943 1704 4005 et
1729 3934 1806 4005 aliis

400 4053 615 4154 principibus
632 4057 760 4129 nostris
778 4056 946 4129 duximus
962 4055 1188 4151 exponenda,
1218 4066 1258 4127 nt
1275 4055 1323 4129 rai
1344 4054 1513 4129 certitudo
1532 4055 1579 4129 ad
1595 4056 1672 4147 ejus
1687 4066 1806 4127 exter-

400 4178 545 4273 minium
565 4188 682 4273 pateat
699 4179 871 4252 universis
884 4178 949 4274 (l).

440 4352 483 4432 (a)
502 4354 539 4413 ln
550 4352 675 4415 codiclh.
691 4355 865 4429 hemanea,
880 4356 933 4415 serl
945 4355 987 4415 lbi
999 4354 1087 4416 malo.

414 4504 418 4509 .
440 4457 482 4540 (l)
502 4460 562 4538 Ap.
576 4460 656 4523 Patr.
672 4462 712 4522 de
724 4462 795 4523 Vln.
813 4459 898 4542 (cdlt.
911 4462 949 4522 de
964 4460 1052 4539 taos)
1067 4458 1171 4535 sewu,
1187 4464 1323 4539 pesslme.

435 4772 473 4845 (t)
491 4774 682 4831 llanthalernm
703 4777 805 4847 menti,
828 4776 898 4834 hanc
916 4776 1057 4850 epistolam
1073 4776 1150 4849 qnasi
1167 4775 1306 4850 praeviam
1324 4774 1380 4846 regi
1398 4770 1540 4830 bohemiae
1556 4770 1746 4844 imperatorem
1765 4770 1805 4828 di·

397 4870 498 4927 rexisse
511 4871 681 4945 arbitramur,
694 4890 749 4946 qua
766 4875 790 4931 ei
804 4876 950 4947 proximae
965 4891 995 4931 se
1008 4873 1155 4930 taciendam
1175 4872 1300 4930 Friderici
1315 4869 1446 4929 lustriaci
1465 4868 1686 4943 proscriptionem
1706 4866 1806 4941 signill-

397 4972 481 5023 caret.
496 4966 584 5035 anm
600 4976 690 5026 autem
706 4985 800 5028 meme
816 4970 892 5043 junio
909 4969 981 5043 apnd
993 4968 1141 5043 Angustam
1157 4968 1250 5027 foedus
1264 4974 1357 5026 contra
1369 4965 1466 5023 ducem
1480 4966 1603 5023 insulae
1618 4963 1697 5023 luerit
1710 4964 1806 5021 initum

475 5068 529 5130 lv.
551 5080 609 5128 l’m
621 5087 644 5129 a.
1592 5071 1647 5124 108
