4859 6359
1108 756 1327 819 vuvuuulcv
1352 754 1526 817 sucvvbv
1831 758 1911 836 [An.
1930 758 2016 824 12³6.

407 1314 590 1424 pam,
667 1302 764 1385 Cum
782 1302 952 1387 marohio
970 1303 1167 1410 [Estensisl
1187 1314 1225 1387 et
1241 1303 1413 1389 Paduani
1434 1302 1687 1386 oommuniter
1708 1302 1897 1386 Rivaltam
1920 1329 2018 1414 qnae

612 1432 800 1544 estsuper
818 1435 992 1518 Athesim
1012 1435 1247 1543 obsiderent,
1258 1434 1435 1517 Eeelinus
1448 1446 1485 1517 at
1498 1433 1732 1517 Veronenses
1746 1436 1932 1518 miserunt
1947 1462 2017 1545 pro

612 1566 789 1650 Federioo
823 1568 1062 1677 imperatore.
1203 1568 1279 1667 Qui
1310 1566 1436 1651 subito
1471 1566 1625 1649 veniens
1656 1566 1718 1676 (1)
1754 1592 1844 1649 oum
1883 1566 2018 1649 militia

612 1698 929 1783 Theutonieorum
948 1712 985 1783 et
1005 1699 1183 1783 Eoelinus
1204 1726 1292 1783 oum
1319 1698 1462 1809 populo
1492 1698 1699 1781 Veronensi
1717 1700 1927 1809 impetuose
1947 1700 2018 1781 Vi-

611 1832 775 1914 centiam
791 1832 1046 1941 intraverunt,
1067 1858 1229 1942 eamque
1260 1832 1449 1941 capientes
1475 1830 1515 1913 in
1543 1828 1640 1913 festo
1671 1830 1856 1917 Omnium
1890 1831 2016 1913 Sano-

610 1972 739 2046 torum
769 1965 971 2047 crudeliter
996 1965 1288 2049 combusserunt
1314 1962 1392 2074 (2).
1412 1964 1581 2047 Maneat.
1606 1969 1736 2045 Potor.
1768 1965 1921 2071 ebron,
1950 1990 2012 2071 ap.

611 2096 819 2202 Mnaaroar,
847 2096 1008 2205 script,
1031 2107 1061 2179 t.
1082 2096 1184 2205 VIII,
1203 2122 1244 2205 p.
1265 2098 1360 2179 675.
1375 2095 1482 2177 -Α
1506 2094 1693 2177 Cremona
1715 2096 1834 2178 movit
1859 2096 1921 2178 die
1942 2122 2016 2181 ve-

613 2227 715 2309 nen's
734 2227 801 2337 (51
822 2227 990 2338 octobr.)
1008 2237 1046 2311 et
1061 2228 1165 2311 venit
1186 2252 1309 2337 usque
1327 2228 1377 2309 ad
1395 2226 1578 2309 Senatum
1595 2226 1853 2337 Bonifatium,
1873 2229 1922 2311 de
1938 2255 2016 2338 quo

610 2370 718 2470 parte
735 2360 949 2465 combusta,
968 2360 1022 2443 ibi
1043 2385 1161 2469 prope
1182 2360 1396 2467 hospitatus
1417 2369 1488 2440 est.
1513 2420 1576 2441 ...
1602 2359 1811 2468 Imperator
1835 2361 1897 2442 die
1924 2360 2018 2443 sab-

610 2491 690 2574 bati
709 2490 769 2602 (1⁰
786 2490 985 2601 novemb.)
1003 2492 1197 2601 praevenit
1223 2490 1396 2599 eosdem,
1421 2492 1527 2601 quod
1548 2502 1636 2574 ante
1656 2490 1730 2573 fuit
1752 2493 1803 2575 ad
1829 2492 2017 2576 civitatem

610 2622 843 2730 [Vioentiaml
861 2648 950 2706 oum
967 2623 1081 2733 pleno
1098 2623 1264 2706 exercitu
1287 2649 1407 2733 quam
1431 2623 1601 2707 marchio
1619 2624 1734 2705 etiam
1758 2624 1946 2708 currendo
1963 2624 2018 2707 ibi

611 2756 795 2866 potuisset
820 2756 964 2839 adesse.
995 2759 1154 2841 Gerord.
1180 2756 1338 2840 Mauro.
1371 2754 1457 2838 dist.
1487 2782 1550 2866 ap.
1576 2756 1778 2864 Mvmroar,
1809 2755 2015 2867 Serimon,

609 2900 638 2973 t.
660 2888 762 2997 VIII,
781 2916 820 2998 p.
841 2892 908 2972 Id.

481 3471 531 3555 „n
664 3440 872 3548 Imperator
897 3438 1056 3520 dImisso
1080 3436 1270 3521 Gulielmo
1296 3438 1346 3520 de
1363 3436 1616 3521 vicedominis
1640 3462 1710 3547 pro
1733 3444 1916 3545 potestate
1942 3435 2016 3518 Vi-

450 3580 473 3611 ¹¹
534 3596 540 3610 ·
611 3571 755 3654 oentiae
781 3568 866 3653 loeo
881 3568 961 3674 sui,
990 3594 1079 3650 oum
1100 3568 1266 3652 exercitu
1296 3570 1399 3653 venit
1429 3568 1469 3649 iu
1501 3570 1761 3679 episcopatum
1778 3566 1931 3651 Paduae
1956 3568 2018 3651 die

610 3705 677 3788 XV
703 3702 944 3808 novembris,
972 3711 1011 3784 et
1043 3702 1253 3786 devastavit
1280 3702 1520 3809 Carturium3
1548 3702 1685 3785 deinde
1716 3701 1767 3783 ad
1794 3700 2023 3784 Citadellam'

610 3846 649 3921 et
665 3846 796 3946 postea
818 3837 868 3917 ad
887 3834 1063 3917 Castrum
1080 3834 1317 3940 Franohum,
1337 3845 1375 3917 et
1392 3834 1446 3918 ibi
1464 3832 1566 3917 stetit
1591 3860 1659 3943 per
1676 3833 1778 3915 diem
1796 3842 1834 3915 et
1850 3842 2013 3916 noctem.

611 3968 754 4052 Deinde
775 3966 843 4051 ivit
863 3964 1073 4049 Tervisium
1095 3975 1133 4047 et
1158 3965 1212 4049 ibi
1244 3967 1346 4049 stetit
1373 3966 1596 4077 perplures
1627 3964 1708 4046 dies
1731 3963 1843 4073 juxta
1873 3962 2018 4047 Fonta-

649 4285 685 4361 (⁴)
706 4305 720 4341 ι
734 4283 822 4345 Veluti
835 4283 948 4342 hirando
960 4298 1011 4359 per
1023 4283 1133 4341 aethera
1143 4282 1277 4342 volitando
1291 4300 1322 4355 a,
1334 4286 1365 4339 ut
1375 4281 1439 4341 dioit
1450 4282 1583 4341 Antonius
1597 4281 1703 4355 Godus,
1713 4281 1858 4357 imperator
1873 4283 1953 4341 unius
1964 4283 2018 4341 diei

613 4390 642 4443 et
653 4382 847 4456 aestismatio,
860 4381 968 4455 tn‘giuta
982 4380 1038 4439 fere
1051 4380 1140 4438 leucas
1151 4396 1213 4437 oum
1231 4396 1281 4439 sua
1297 4380 1390 4438 militia
1405 4380 1544 4454 equitavit.
1559 4380 1594 4438 ut
1603 4380 1668 4439 dum
1678 4382 1755 4455 juxta
1769 4382 1898 4438 Sanctum
1908 4380 2018 4439 Bonitu-

612 4482 684 4541 oium
692 4482 720 4538 iu
730 4486 809 4554 prato
822 4479 939 4555 Ayoardi
951 4478 1071 4552 damnet,
1086 4498 1102 4535 a
1114 4484 1219 4536 tantum
1235 4478 1290 4536 illie
1302 4494 1379 4537 mora
1395 4478 1465 4537 taeta
1476 4485 1518 4538 ast
1534 4484 1666 4553 quantum
1677 4478 1740 4552 quis
1750 4476 1843 4537 cibare
1855 4493 1953 4553 panem
1970 4493 2016 4552 po

613 4580 665 4638 tuit
675 4577 863 4636 festinanter.»
877 4575 917 4633 CI.
932 4576 1087 4635 Rotam.
1100 4590 1145 4650 ap.
1160 4576 1306 4634 usuros.
1320 4574 1467 4651 Soriptor„
1480 4581 1501 4633 t.
1512 4576 1585 4647 VIII,
1596 4592 1625 4649 p.
1635 4576 1699 4634 2⁰7.

649 4676 685 4752 tt)
705 4676 743 4733 be
756 4674 877 4749 captione
886 4679 915 4731 et
929 4674 1134 4749 depraedatione
1143 4672 1293 4745 Vimine,
1306 4672 1341 4730 oi.
1356 4672 1506 4731 Gerardum
1516 4671 1683 4743 Numisium,
1697 4668 1833 4731 oouaum
1849 4674 1955 4737 tedam
1971 4684 2014 4742 up.

612 4777 771 4839 uumron.
780 4773 926 4845 Scriptus„
936 4779 956 4829 t.
971 4772 1086 4845 V111,p.
1100 4770 1411 4843 coenomanensem
1428 4770 1612 4829 Cotouiemam
1625 4782 1671 4843 ap.
1685 4768 1828 4837 nomn,
1839 4766 1943 4838 roam,
1955 4764 2016 4836 tn,

610 4888 640 4948 p.
657 4871 718 4927 870.
