4859 6359
646 740 708 805 553
1165 733 1338 799 unurrcr
1362 738 1530 800 sarrrru
1871 740 1952 825 [aas.
1970 744 2055 806 1232

647 875 773 966 duces,
804 873 849 948 de
872 872 1008 964 Badeo,
1032 870 1079 945 do
1104 872 1257 966 Burgaw
1280 872 1515 966 marchiones,
1543 873 1591 948 de
1614 874 1808 970 bleilobnrg
1824 874 1897 973 (tic)
1913 875 1984 972 (c),
2013 876 2059 952 de

647 998 898 1090 Scowenburg‚
917 997 963 1071 de
979 995 1146 1069 Waldeclr
1162 993 1319 1090 comites,
1337 996 1375 1070 C.
1396 996 1442 1072 de
1458 1000 1616 1090 bornen,
1636 1000 1680 1071 ll.
1699 998 1746 1074 de
1760 1000 1935 1094 Liesberg,
1952 1000 1994 1073 G.
2013 998 2059 1073 do

645 1122 879 1219 appensum,
897 1118 938 1191 G.
958 1118 1003 1194 de
1025 1119 1217 1212 Bolingae,
1244 1119 1287 1193 G.
1307 1130 1343 1193 ct
1359 1120 1396 1193 (2.
1420 1121 1468 1220 rie
1482 1122 1699 1215 llohenlocb,
1720 1123 1779 1195 W.
1798 1123 1846 1197 de
1861 1121 2054 1215 Bolanden,

711 1246 757 1321 de
776 1245 1004 1338 Amxenburg
1019 1241 1086 1340 (i),
1167 1242 1214 1317 de
1226 1244 1462 1342 Bapsnboym‚
1480 1247 1537 1319 W.
1554 1246 1600 1320 de
1612 1248 1801 1345 Lympurg,
1887 1245 1936 1320 de
1951 1246 2055 1339 licbs,

645 1383 682 1445 et
697 1370 758 1444 alii
772 1370 1005 1466 quamplures.

695 1496 820 1568 Datum
840 1492 935 1589 apud
955 1490 1168 1567 Chindacam
1187 1491 1254 1591 (b),
1277 1513 1369 1566 anno
1393 1494 1531 1567 Domini
1549 1495 1597 1568 lt.
1610 1494 1872 1588 uc.xxxss‚v
1894 1493 2059 1569 kalendas

647 1614 747 1711 maii,
768 1617 956 1692 indictione
971 1618 1014 1691 v.

532 2197 547 2230 a
591 2270 599 2294 ,
702 2170 901 2281 Hernicus,
922 2171 1183 2257 Romanorum
1201 2199 1283 2282 rex,
1299 2173 1347 2256 de
1363 2172 1600 2283 providentia
1617 2172 1765 2259 consilii
1783 2176 1844 2259 sui
1860 2175 2061 2261 confirmat

575 2324 581 2338 ·
648 2306 891 2418 privilegium
922 2305 1027 2417 quod
1058 2306 1267 2415 imperator
1297 2314 1405 2417 pater
1444 2333 1537 2391 suus
1570 2308 1785 2418 praeposito
1817 2319 1856 2392 ct
1894 2308 2060 2418 capitulo

650 2440 779 2523 Sancti
797 2437 955 2522 Servatii
977 2437 1017 2518 in
1040 2436 1211 2549 Trajecto
1234 2464 1348 2549 super
1364 2438 1549 2523 divisione
1565 2438 1757 2525 bonorum
1777 2442 2060 2552 praepositurae

649 2582 688 2655 et
703 2571 858 2683 capituli
875 2569 1049 2655 contulit.

730 2772 858 2856 (lnedlt.
873 2790 910 2835 ex
928 2768 1061 2834 Clerici.
1079 2770 1147 2833 Mar.
1163 2772 1196 2835 S.
1214 2771 1342 2835 Smotii
1359 2770 1539 2853 Trnjecmn
1550 2770 1693 2836 Bibliotb.
1708 2790 1772 2854 reg.
1786 2774 1897 2851 rna,
1908 2781 1984 2839 tom.
1998 2777 2058 2853 111,

767 2881 821 2943 tol.
838 2888 856 2941 t
874 2879 975 2956 recto.)

698 3082 866 3159 Henricue
888 3080 1054 3177 septimus
1074 3079 1195 3153 divina
1218 3080 1358 3153 favente
1383 3080 1564 3154 clementia
1591 3080 1824 3153 Romanorum
1846 3102 1912 3153 rex
1925 3102 2061 3178 semper

649 3218 836 3303 augustus,
862 3206 1036 3279 universis
1063 3204 1199 3301 imperii
1225 3202 1389 3276 fidelibus
1405 3202 1496 3277 banc
1512 3204 1661 3277 litteram
1684 3203 1890 3301 inspecturis
1914 3206 2060 3299 gratiam

649 3344 797 3409 suamet
814 3331 1076 3406 omnebonum.
1095 3328 1153 3403 Ad
1170 3330 1353 3423 utriusque
1374 3328 1446 3401 vite
1461 3328 1656 3403 felicitatem
1677 3330 1842 3425 prodesse
1866 3332 1968 3405 nobis
1990 3352 2061 3405 non

651 3456 861 3553 ambigimus
883 3476 963 3527 cum
983 3455 1060 3527 loca
1083 3452 1205 3527 divino
1222 3450 1332 3523 cultui
1350 3454 1545 3547 mancipata
1557 3454 1800 3545 juraverimus
1816 3456 2001 3551 ampliare,
2025 3465 2062 3529 et

650 3603 772 3657 eornm
789 3579 897 3675 quieti
914 3587 949 3651 et
969 3575 1205 3672 tranquillitati
1223 3574 1448 3672 providemus
1467 3597 1513 3649 ne
1533 3576 1699 3651 scandala
1714 3579 1752 3651 in
1772 3579 1858 3673 ipsis
1871 3588 1907 3653 et
1923 3580 2062 3655 dimen-

651 3706 762 3779 tiones
772 3705 912 3777 valeant
928 3700 1090 3775 suboriri.
1106 3701 1324 3797 Quapropter
1338 3696 1606 3795 significandum
1622 3700 1790 3776 duximus
1804 3703 1976 3777 universis
1990 3714 2062 3779 tam

650 3828 868 3929 presentibus
881 3848 985 3921 mam
1003 3824 1127 3897 tuturis
1141 3822 1239 3921 qnod
1253 3844 1317 3897 nos
1331 3845 1353 3897 e
1369 3824 1588 3920 providentia
1602 3826 1736 3899 consilii
1750 3828 1857 3901 nostri
1879 3827 2061 3903 confirma·

650 3953 778 4026 tionem
795 3962 829 4025 et
844 3949 1063 4047 privilegium
1081 3948 1177 4043 qnod
1190 3947 1431 4021 serenissimus
1449 3948 1611 4022 dominns
1625 3949 1809 4047 imperator
1834 3964 1929 4047 pater
1947 3963 2062 4027 noster

651 4076 825 4173 preposito
842 4083 876 4149 et
892 4074 1042 4170 capitulo
1055 4072 1171 4147 Sancti
1186 4072 1334 4145 servatii
1347 4072 1384 4144 in
1400 4074 1553 4167 Treiecto
1569 4095 1674 4169 super
1696 4073 1871 4149 divisione
1892 4077 2060 4151 bonorum

651 4200 867 4299 prepositure
886 4208 922 4271 et
947 4197 1089 4293 capituli
1118 4197 1297 4271 memorati
1323 4198 1488 4287 contulit,
1524 4197 1693 4271 habemns
1717 4209 1830 4274 ratum
1862 4202 2062 4275 auctoritate

650 4325 747 4420 regia
762 4322 1016 4398 confirmantes.
1037 4320 1227 4393 Statuimns
1248 4319 1353 4415 igitur
1373 4328 1408 4394 et
1431 4320 1498 4394 sub
1522 4322 1798 4397 interminatione
1819 4325 1929 4419 gratie
1947 4334 2062 4400 nosue

651 4446 804 4521 districte
820 4446 1031 4544 precipimus
1047 4453 1084 4516 ut
1101 4444 1197 4517 nulla
1220 4466 1375 4539 unquam
1396 4465 1543 4540 persona
1568 4447 1798 4522 ecclesiastica
1822 4450 1879 4523 vel
1896 4447 2062 4523 secularis

691 4647 736 4730 (o)
756 4648 822 4711 Vlrl.
836 4663 935 4726 supra,
946 4665 975 4725 p.
990 4656 1047 4709 m
1062 4653 1092 4709 et
1104 4655 1176 4723 tta,
1186 4652 1248 4710 not.
1267 4644 1296 4709 i.

693 4754 733 4836 (i)
756 4756 804 4818 Slc
816 4758 849 4816 ln
861 4757 1012 4832 impressis
1023 4762 1053 4815 et
1065 4757 1097 4815 ln
1110 4756 1175 4831 ipso
1188 4755 1298 4817 codice
1309 4754 1389 4817 Luce
1408 4759 1509 4816 umen
1521 4754 1630 4818 clarius
1641 4756 1800 4837 Mundum
1812 4754 1980 4822 Sibidotttut
1994 4757 2060 4839 (Ci-

648 4860 774 4939 aaron
787 4860 826 4924 ci.
840 4876 941 4940 supra,
958 4878 986 4941 p.
1004 4870 1074 4939 tat,
1088 4866 1151 4923 not.
1169 4869 1199 4922 1.
