4859 6359
630 815 691 879 966
1088 816 1215 877 INDEX
1240 816 1587 883 DOGUMENTORUM.

644 1018 755 1094 issu

632 1123 771 1206 ἶὶῖᾶ-
797 1144 855 1221 Δρ.
862 1144 987 1205 Portum
1013 1176 1055 1187 -
1074 1144 1187 1205 lterum
1199 1152 1323 1207 renovat
1335 1148 1430 1225 tegern
1443 1164 1504 1227 que
1517 1154 1691 1211 revocentur
1704 1151 1887 1225 communio,
1903 1152 2041 1223 consilo.

830 1242 951 1302 Nsonis.
1053 1244 1187 1320 magistri
1200 1244 1309 1321 alitque
1322 1245 1462 1309 officiales
1482 1249 1610 1324 einum,
1624 1250 1677 1327 qui
1698 1248 1731 1306 iu
1751 1251 1832 1307 omni
1852 1250 1972 1308 nisime
1996 1248 2043 1311 rei

1053 1339 1161 1415 oppido
1179 1338 1372 1402 Aiemsnuiue
1385 1344 1448 1403 sins
1466 1345 1668 1419 episcoporum
1687 1343 1871 1419 bmspiooto
1883 1350 1969 1405 osni
1980 1352 2043 1405 sto·

1052 1437 1126 1506 tuo,
1138 1442 1195 1495 etc·
1749 1492 1752 1501 .
1984 1450 2041 1506 ros

655 1534 744 1593 maio.
795 1536 852 1609 Δρ.
865 1532 988 1591 Portum
1013 1560 1055 1575 -
1073 1530 1149 1591 Cum
1167 1531 1318 1593 Ludosico
1340 1533 1520 1597 Francorum
1541 1550 1610 1613 rege
1622 1534 1907 1597 confoederationem
1920 1544 2045 1599 renovet

748 1688 751 1693 ,
829 1630 950 1691 Neoris.
1053 1634 1187 1688 mutuom
1209 1634 1240 1687 er
1264 1632 1360 1706 Jnruri
1381 1632 1413 1691 in
1435 1634 1533 1693 enims
1557 1648 1612 1692 suu
1629 1632 1728 1711 jobet,
1744 1649 1813 1693 com
1835 1632 1892 1693 hoc
1913 1634 2045 1697 cisusnio

1053 1724 1135 1800 quod
1156 1726 1270 1786 unitum
1293 1730 1453 1789 amictuum
1473 1744 1540 1789 oum
1554 1744 1622 1805 rego
1635 1730 1798 1807 Angiornm
1812 1729 1898 1791 societ
1911 1733 1974 1793 sins
1988 1748 2044 1790 vo-

1055 1820 1167 1880 iuntote
1179 1822 1320 1897 praedicti
1333 1824 1514 1885 Francorum
1527 1827 1615 1902 regis.
1986 1836 2043 1889 tot

656 1922 744 1981 rosio.
796 1922 851 1999 Δρ.
866 1920 988 1981 Portum
1017 1948 1055 1963 -
1075 1916 1123 1977 Ao
1146 1920 1367 1995 requisitionem
1389 1924 1518 1997 episcopi
1541 1920 1791 1999 osnaburgensis,
1813 1924 1992 1983 senentiam
2013 1924 2045 1983 in

831 2018 952 2078 Neoris.
1055 2018 1139 2074 curis
1152 2032 1206 2075 sno
1219 2008 1410 2077 Rovcnnen‘si
1423 2020 1515 2079 istum
1527 2019 1711 2097 promulgat,
1722 2024 1788 2078 tom
1802 2034 1888 2095 super
1900 2019 2045 2080 divisione

1055 2110 1199 2171 bonorum
1222 2128 1275 2187 per
1296 2112 1428 2189 judicem
1450 2116 1655 2191 pronuntiatu,
1668 2120 1734 2175 tum
1753 2130 1842 2191 super
1860 2115 2046 2175 censualibus

1055 2208 1141 2268 bools
1155 2208 1730 2287 obmuewluntuteoominitrunsistis.
1986 2220 2044 2272 sou

657 2308 746 2368 moto.
798 2308 857 2386 Δρ.
866 2310 989 2369 Portum
1016 2336 1057 2352 -
1075 2307 1183 2367 Notum
1195 2306 1269 2368 fucit
1278 2310 1455 2369 sententium
1476 2310 1508 2369 in
1527 2310 1608 2369 cortu
1626 2326 1681 2371 suo
1699 2308 1801 2381 ioum,
1816 2306 1954 2369 uuellest
1965 2308 2046 2385 qood

833 2404 954 2467 Neoris.
1055 2404 1224 2465 Bernartius
1236 2404 1301 2464 dux
1315 2404 1482 2467 Corinthius
1494 2422 1555 2465 non
1569 2406 1677 2467 hobest
1688 2410 1864 2481 potestatem
1874 2406 2046 2467 instituendi

1056 2502 1153 2563 iorum
1167 2504 1200 2561 in
1212 2502 1275 2562 solo
1287 2505 1456 2563 monosterii
1472 2504 1573 2563 Ssncil
1593 2503 1677 2565 Ponit
1691 2502 1728 2562 do
1741 2502 1864 2563 Lsrsrrt.
1988 2510 2043 2562 857

658 2600 746 2660 meio.
799 2599 857 2675 Δρ.
868 2600 991 2659 Portum
1017 2630 1058 2643 -
1077 2597 1127 2657 Δᾱ
1139 2600 1352 2673 querimoniam
1366 2598 1466 2659 sifridi
1479 2600 1700 2677 lisiisponensis
1711 2600 1857 2677 episcopi,
1871 2599 2046 2659 sententium

833 2696 954 2759 Neronis
1056 2696 1277 2771 proscnpuonis
1290 2696 1472 2773 promulgat,
1488 2696 1579 2755 istum
1591 2697 1623 2755 in
1635 2694 1764 2773 merui
1777 2696 1861 2755 coris
1872 2694 1951 2773 opud
1966 2694 2045 2755 Sibi-

1058 2792 1174 2865 dutnm,
1188 2792 1331 2853 adversos
1344 2792 1511 2853 courum
1524 2794 1660 2857 comitem
1674 2792 1712 2851 de
1721 2792 1922 2871 Wosserborg
1932 2799 1962 2853 et
1974 2809 2047 2869 qou-

1056 2889 1221 2948 tnordeoim
1234 2890 1390 2965 complices
1402 2892 1478 2967 eins.
1987 2897 2044 2949 358

662 2984 752 3044 moto
801 2986 858 3062 Δρ.
870 2985 992 3044 Portum
1019 3015 1058 3029 -
1077 2983 1125 3043 Ari
1138 2986 1353 3060 communium
1366 2984 1742 3063 Herbipolensisopiseopi,
1756 3000 1795 3045 ex
1809 2986 2046 3061 senoentispriu·

835 3080 957 3141 Neoris.
1058 3082 1159 3160 cipum
1171 3081 1324 3141 Aibertnrn
1337 3082 1375 3141 de
1387 3084 1479 3143 Entso
1492 3082 1657 3159 proscribit,
1666 3098 1702 3142 eo
1711 3083 1793 3159 quod
1801 3088 1931 3143 ossuum
1944 3082 2044 3155 Entse,

1058 3178 1098 3239 usi
1119 3178 1271 3239 ecclesium
1295 3177 1533 3255 Herproim
1559 3184 1710 3255 spectans,
1724 3178 1846 3239 absente
1867 3180 1898 3239 in
1921 3179 2047 3239 servitiis

1058 3276 1334 3352 imperiiepiscopo,
1349 3276 1492 3336 violenter
1504 3276 1702 3353 occupaverit.
1989 3283 2046 3335 859

658 3368 748 3428 moto.
801 3370 858 3448 Δρ.
872 3370 993 3431 Portum
1020 3404 1059 3417 -·
1079 3371 1127 3432 io
1139 3374 1379 3448 conquestionem
1392 3372 1510 3433 Heurici
1524 3372 1750 3435 wormatiensis
1763 3372 1902 3447 episcopi,
1917 3370 2002 3431 illum
2015 3372 2046 3430 ln

836 3468 957 3531 Noonis.
1058 3470 1243 3545 possessione
1254 3468 1342 3528 riiiuo
1354 3468 1517 3529 Nekerowe
1535 3469 1679 3539 restituit,
1693 3468 1731 3527 de
1744 3482 1804 3543 que
1815 3466 1912 3527 iusrut
1925 3482 1976 3543 per
1988 3466 2047 3525 du-

1059 3580 1123 3623 cem
1148 3564 1291 3625 Bssurioe
1326 3564 1489 3641 pulsum
1520 3566 1657 3627 comitem
1683 3562 1780 3624 Rhcui
1812 3564 1923 3639 injuste
1949 3562 2047 3622 desti-

1059 3667 1153 3723 tutos.
1987 3668 2045 3721 too

659 3759 746 3817 ursio.
800 3758 859 3835 Δρ.
870 3755 994 3816 Portum
1018 3792 1059 3803 -
1078 3760 1207 3819 flmrioo
1228 3760 1371 3820 Misnensi
1392 3760 1528 3837 episcopo
1549 3773 1653 3819 omues
1669 3772 1760 3818 venos
1772 3756 1958 3818 monitorum
1971 3772 2048 3834 quoe

838 3853 956 3916 Noonis
1058 3860 1091 3917 in
1110 3856 1202 3917 fundo
1224 3858 1361 3917 ecclcsice
1381 3872 1453 3917 sose
1471 3857 1590 3933 reperiri
1612 3855 1783 3931 contigerit,
1798 3852 1933 3915 concedit
1951 3858 1981 3912 et
1993 3852 2070 3913 do·-

1059 3962 1125 4030 out,
1139 3971 1209 4015 cunr
1221 3957 1308 4032 equis
1320 3960 1350 4015 et
1362 3956 1511 4016 montonis
1525 3952 1576 4013 ubl
1586 3968 1693 4012 norom
1701 3952 1808 4027 poterit
1820 3951 1956 4014 inveniri.
1989 3958 2046 4011 usu

661 4046 748 4124 julio.
855 4048 943 4125 Apud
1019 4084 1062 4099 -
1079 4054 1175 4114 ltsoni
1197 4052 1236 4111 ‹io
1258 4052 1374 4111 Limnts
1397 4050 1553 4113 confirmat
1565 4049 1688 4111 feudum
1701 4050 1789 4111 smine
1801 4050 1904 4109 militis
1916 4050 1949 4108 in
1961 4048 2048 4107 Altu-

793 4143 1005 4223 Sptnoznoloro.
1060 4147 1145 4225 viiio,
1168 4146 1250 4224 qnod
1263 4145 1429 4207 Tcoboidus
1449 4146 1617 4207 Francisius
1639 4146 1741 4222 rigore
1761 4144 1927 4205 momenti
1945 4140 2048 4203 Jocobi

1060 4244 1202 4303 Fronoisss
1214 4244 1314 4304 irruis
1327 4244 1390 4323 sui,
1403 4242 1497 4303 Booui
1510 4242 1549 4303 de
1561 4241 1675 4302 limate
1686 4241 1763 4317 petri
1775 4240 1908 4318 ciusdem
1920 4240 2046 4313 Recole,

1059 4346 1323 4413 concoseronsno.
1989 4344 2048 4397 sss

650 4431 772 4511 iejoiit
832 4435 961 4499 Meissse.
1024 4466 1059 4481 -
1077 4434 1277 4496 Jsunemihus
1289 4435 1408 4497 neuun
1426 4434 1580 4495 victorium
1593 4432 1632 4495 ub
1644 4434 1777 4495 exercito
1789 4446 1844 4491 suo
1862 4432 1894 4491 ln
1915 4430 2049 4507 portibus

1059 4532 1264 4593 transmarinis
1277 4530 1410 4604 misum,
1418 4532 1567 4607 mittitque
1575 4530 1708 4608 iudicem
1721 4527 1895 4589 nuruum
1909 4532 1941 4586 et
1952 4525 2051 4586 Tussi-

1058 4629 1147 4690 ‹ieom
1161 4629 1199 4689 de
1211 4629 1330 4705 suaso,
1344 4627 1452 4705 quibos
1463 4629 1496 4687 lu
1513 4630 1557 4688 eis
1576 4643 1653 4705 quse
1664 4644 1702 4688 cx
1716 4632 1798 4705 purte
1819 4640 1874 4685 suu
1886 4629 2050 4703 proponent

1059 4724 1404 4787 indubittniereredunt.
1990 4728 2048 4779 368

659 4818 745 4896 julio.
788 4825 845 4901 Δρ.
863 4822 1004 4886 iioiflum.
1021 4852 1060 4869 -
1081 4822 1118 4882 ln
1138 4821 1271 4882 {osorem
1290 4820 1470 4898 Euphemioc
1482 4818 1648 4881 obboume
1661 4818 1832 4881 monosterii
1845 4816 1940 4877 Cosiri
1953 4816 2050 4879 Coroii

1060 4916 1345 4995 (moon-emron)
1358 4918 1389 4977 in
1401 4918 1543 4979 contiuno
1556 4915 1760 4996 Burgoniiioe,
1779 4918 1903 4975 renovst
1925 4919 1955 4973 et
1976 4930 2050 4974 con-
