4859 6359
635 718 698 781 etc
1133 714 1346 779 reformet
1376 715 1548 777 SECUNBI
1850 714 1932 794 [An.
1951 714 2036 777 123·

638 852 788 925 Honorio
809 870 946 923 summo
970 847 1132 945 pontifice
1151 850 1248 946 apud
1267 851 1411 923 Verulae
1433 850 1602 945 colloquio
1627 850 1813 941 celebrato,
1838 852 1973 923 Verone
1995 850 2039 923 de

638 975 812 1047 communi
828 974 970 1047 consilio
991 995 1052 1068 pro
1070 974 1210 1068 negotio
1234 975 1335 1047 Terre
1353 976 1478 1047 Sancte
1501 983 1535 1047 et
1557 974 1797 1047 reformatione
1821 974 1958 1069 imperii
1973 994 2037 1047 so-

638 1099 784 1171 lemnem
799 1098 930 1169 curiam
949 1097 1117 1170 duximus
1132 1097 1368 1185 indicendam,
1391 1099 1450 1170 ubi
1467 1108 1539 1201 mm
1552 1119 1618 1170 uos
1635 1120 1740 1193 quam
1755 1096 1932 1195 predictus
1947 1119 2037 1193 pape

636 1220 857 1294 condiximus
876 1219 925 1317 (a)
949 1220 1122 1293 interesse.
1148 1221 1225 1306 Quo
1244 1222 1416 1317 proposito
1439 1230 1473 1294 et
1495 1221 1709 1295 volubilitate
1729 1221 1863 1293 consilii
1887 1230 1922 1293 et
1939 1229 2034 1293 motu

635 1364 749 1416 rerum
768 1345 932 1416 continuo
956 1345 1168 1439 presentium
1194 1345 1391 1433 immutato,
1420 1364 1482 1419 uos
1503 1366 1525 1417 a
1551 1352 1646 1417 tanto
1669 1343 1760 1418 bono
1782 1344 1948 1421 recedere.
1968 1364 2036 1415 non

634 1468 801 1557 volentes,
811 1468 982 1539 Ferentini
998 1467 1116 1540 denuo
1131 1486 1212 1540 cnm
1229 1490 1318 1563 papa
1333 1468 1486 1563 predicto
1503 1468 1683 1540 collatione
1699 1468 1746 1563 (b)
1762 1468 1891 1555 habita,
1904 1468 2035 1539 curiam

633 1591 727 1686 apud
742 1590 941 1662 Cremonam
964 1590 1157 1663 indiximus
1175 1590 1342 1685 adquam
1366 1590 1474 1661 filium
1499 1598 1654 1662 nostrum
1671 1610 1750 1661 cum
1768 1590 1886 1661 multis
1907 1590 2035 1685 princi-

631 1716 734 1810 pibus
752 1715 887 1809 imperii
902 1716 1007 1787 nostri
1022 1715 1309 1788 vocavimuscum
1325 1714 1612 1787 decentimilitum
1627 1714 2034 1805 comitatu,nihilominus

633 1837 678 1913 de
695 1839 791 1911 ltalia
807 1839 962 1933 partibus
977 1838 1143 1911 ducentes
1159 1839 1338 1911 nobiscum
1356 1838 1496 1929 milites,
1518 1846 1620 1933 pmut
1634 1836 1817 1933 imperialis
1834 1838 2035 1909 excellentie

632 1962 739 2036 decus
756 1972 791 2035 et
807 1971 939 2033 tautum
954 1963 1129 2055 negotium
1146 1961 1366 2035 condecebat.
1383 1962 1438 2033 Ex
1452 1982 1522 2055 quo
1540 1960 1722 2034 Lombardi
1739 1960 1840 2031 nobie
1863 1969 1897 2033 et
1913 1960 2032 2031 honori

631 2094 746 2157 nostm
763 2086 923 2177 rebelles,
939 2085 977 2157 iu
995 2086 1117 2180 spiritu
1137 2084 1418 2159 contradictionis
1428 2085 1594 2178 assumpti
1608 2094 1643 2156 et
1652 2085 1687 2155 in
1698 2083 1882 2179 reprobum
1893 2104 2032 2155 sensum

630 2207 720 2298 dati,
748 2208 887 2303 palliata
912 2209 1092 2281 occasione
1119 2210 1251 2281 timoris
1273 2220 1410 2304 propter
1437 2231 1478 2281 ea
1507 2208 1602 2302 quod
1628 2218 1835 2281 armatorum
1863 2208 2032 2280 consortio

628 2331 846 2419 fruebamur,
866 2341 900 2403 et
919 2332 1020 2403 nobis
1042 2332 1221 2405 intendere
1245 2344 1407 2427 tanquam
1432 2334 1583 2427 ipsorum
1608 2333 1761 2425 legitimo
1782 2330 1922 2404 dominc
1948 2353 2031 2403 cou-

630 2466 857 2551 tempserunt,
884 2465 919 2528 et
937 2457 1094 2549 ingressu
1121 2457 1157 2527 in
1186 2458 1315 2529 ltaliam
1342 2458 1477 2529 viarum
1504 2456 1903 2551 difficultateprohibito,
1924 2456 2031 2527 fllium

628 2589 780 2651 nostrum
796 2588 831 2651 et
843 2580 1018 2674 principes
1036 2601 1059 2652 a
1078 2580 1203 2651 nostris
1221 2580 1415 2673 aspectibus
1437 2580 1695 2652 subtraxerunt.
1717 2578 1770 2652 Ad
1792 2581 2032 2671 exaggeratio-

626 2725 705 2777 nem
724 2703 805 2776 deiu
823 2703 977 2798 nequitie
992 2702 1108 2775 adbuc
1123 2704 1257 2775 occulte
1278 2723 1319 2776 ao
1331 2702 1495 2797 perfidie,
1514 2704 1679 2776 malitiam
1699 2704 1915 2775 manifestum
1939 2705 2030 2777 insc-

625 2828 834 2921 leutiamque
849 2829 1068 2921 adjecerunt,
1094 2828 1190 2921 quod
1208 2838 1326 2901 contra
1343 2849 1405 2901 nos
1419 2838 1453 2901 et
1467 2828 1649 2923 imperium
1666 2827 1913 2923 conspirantes,
1930 2826 2029 2899 uobis

625 2950 841 3045 presentibus
857 2960 892 3024 et
904 2951 1126 3045 contemptis,
1148 2952 1398 3042 conjurationes
1414 2951 1562 3025 nefarias
1577 2960 1832 3025 contraxerunt.
1845 2950 1889 3023 Et
1906 2951 1956 3023 sic
1970 2948 2030 3022 de·

624 3074 771 3147 siderate
798 3074 860 3146 filii
878 3075 985 3147 nostri
1004 3074 1136 3147 visione
1153 3074 1302 3146 fraudati
1327 3074 1362 3144 in
1390 3073 1551 3169 Apuliam
1570 3074 1769 3165 redeuntes,
1799 3074 1883 3168 quia
1907 3096 2029 3168 prepa-

624 3198 712 3270 ratio
724 3198 875 3293 passagii
888 3198 1106 3270 transmarini
1122 3197 1168 3270 ad
1185 3198 1282 3291 quod
1294 3198 1496 3270 tenebamur
1512 3218 1560 3269 ex
1578 3208 1671 3285 voto,
1692 3206 1774 3269 tnnc
1792 3198 1953 3292 temporis
1967 3218 2030 3269 uos

626 3321 796 3413 arctabat,
818 3344 957 3395 cansam
975 3322 1085 3416 ipsam
1099 3323 1145 3395 de
1162 3322 1390 3395 satisfactione
1403 3322 1546 3394 uobiset
1560 3321 1704 3415 imperio
1720 3319 2028 3393 faciendaarbitrio

626 3444 751 3517 summi
768 3444 941 3539 pontificis
960 3446 1195 3518 commisimus
1215 3447 1483 3535 terminandam,
1504 3466 1686 3540 perquem
1713 3444 1750 3515 in
1767 3444 1967 3538 quingentis
1980 3443 2024 3539 (c)

625 3570 791 3643 militibus
814 3593 876 3667 pro
901 3572 1041 3663 negotio
1063 3574 1166 3645 Terre
1189 3574 1312 3645 Sancte
1329 3574 1395 3645 sub
1417 3592 1536 3645 eorum
1562 3570 1756 3665 sumptibus
1771 3592 1832 3664 per
1850 3570 2027 3641 biennium

625 3694 834 3768 exhibendis
853 3695 994 3767 fuerunt
1016 3696 1114 3768 nobis
1136 3696 1288 3769 arbitrali
1322 3697 1489 3769 sententia
1517 3694 1748 3767 condemnati.
1775 3693 1869 3778 Quos
1898 3692 2026 3765 nedum

625 3820 721 3914 quod
746 3820 846 3893 nobis
869 3820 1125 3892 transeuntibus
1143 3819 1189 3893 ad
1215 3829 1369 3893 nostrum
1396 3820 1602 3913 obsequium
1616 3816 1897 3908 transmisissent,
1922 3816 2026 3889 immo

625 3943 765 4015 inimico
791 3944 887 4039 pacis
903 3944 1088 4017 Ecclesiam
1112 3945 1200 4017 inter
1225 3954 1259 4017 et
1276 3945 1458 4039 imperium
1480 3942 1689 4017 discordiam
1709 3942 1913 4032 seminante,
1933 3943 2026 4036 ipsos

624 4078 742 4140 contra
756 4088 818 4139 nos
833 4068 870 4138 in
886 4066 1047 4163 Apuliam
1061 4072 1331 4158 transmiserunt,
1343 4078 1376 4139 et
1387 4069 1438 4140 sio
1451 4067 1690 4161 percontrarie
1701 4066 1939 4138 satisfactionis
1954 4084 2026 4137 mc·

624 4190 708 4265 dum
716 4190 939 4287 precedentes
947 4192 1090 4285 injurias
1101 4192 1329 4285 geminarent.
1342 4191 1579 4265 Redeuntibus
1588 4200 1703 4264 autem
1712 4190 1864 4263 nobisde
1870 4190 2025 4284 partibus

623 4314 859 4388 transmarinis
876 4316 1016 4388 acinter
1031 4338 1094 4389 nos
1105 4326 1140 4389 et
1152 4316 1339 4389 Ecclesiam
1355 4316 1567 4389 dissensione
1581 4314 1711 4406 sedata,
1729 4314 1774 4387 de
1785 4314 2025 4386 reformatione

621 4441 734 4511 status'
756 4438 890 4533 imperii
922 4450 1087 4535 concepto
1115 4440 1288 4536 proposito
1319 4438 1458 4511 firmiter
1489 4440 1681 4512 inherentes
1707 4437 1801 4533 apud
1816 4426 2023 4511 'Ravennam

661 4613 703 4693 (a)
724 4617 758 4676 In
771 4615 838 4675 cod.
852 4616 959 4677 Pbllol.
976 4626 1050 4694 ³05,
1065 4617 1254 4677 amoniense.

590 4794 594 4802 ι
657 4717 699 4798 (b)
721 4720 757 4780 ln
769 4719 874 4781 wem
886 4722 952 4782 cod.
966 4718 1115 4802 colloquio.

658 4824 695 4903 (c)
716 4826 887 4905 legendnm
900 4844 970 4888 vero
983 4826 1212 4910 quadringentis.
1227 4827 1272 4891 Cf.
1284 4844 1388 4907 supra,
1400 4832 1424 4893 t.
1438 4830 1483 4905 11,
1497 4846 1529 4907 p.
1546 4836 1613 4891 ⁷0³.
