4859 6359
357 815 454 876 herm.
470 812 515 898 8.]
810 810 1005 874 HISTORIA
1030 809 1323 876 nlrnonarrca
1705 813 1759 875 701

356 949 453 1021 omni
468 945 641 1020 exactioni
655 955 689 1019 at
701 945 947 1042 impedimento
961 946 1116 1040 quolibet
1128 945 1297 1042 (cuilibet)
1315 943 1411 1040 qnod
1423 966 1486 1040 per
1501 965 1564 1018 vos
1579 954 1614 1018 at
1631 956 1763 1022 nostros

357 1071 540 1166 hucusque
551 1070 689 1161 habult,
707 1079 743 1142 et
756 1069 1035 1164 recognoscimus
1050 1069 1149 1142 villas
1167 1077 1301 1142 notatas
1316 1089 1379 1142 sna
1394 1067 1537 1141 ecclesia
1553 1069 1710 1160 attinere,
1728 1079 1763 1144 et

358 1191 473 1291 ipsum
496 1195 534 1266 in
555 1194 805 1290 possessionem
819 1193 990 1267 mittimus
1012 1191 1232 1286 earumdem,
1254 1202 1289 1266 et
1305 1193 1548 1266 renunciamus
1568 1203 1704 1268 monete
1725 1193 1762 1266 in

357 1317 566 1406 swinfurtlr3
587 1318 688 1410 signa
703 1316 853 1391 forensia
869 1317 905 1388 in
921 1317 1004 1388 villa
1018 1317 1237 1390 Tutensteten
1249 1327 1284 1388 et
1300 1317 1381 1389 alibi
1399 1316 1527 1412 deponi
1543 1325 1674 1389 remota
1685 1339 1762 1389 am·

357 1441 689 1535 biguitatequalibet
702 1449 906 1530 statuentes,
925 1449 1034 1512 atros
1046 1439 1228 1512 universos
1241 1451 1275 1512 et
1290 1441 1445 1534 singulos
1467 1449 1501 1512 et
1523 1441 1609 1512 alios
1629 1452 1762 1514 nostros

358 1565 514 1636 homines
527 1563 750 1636 abhactenus
760 1563 828 1636 sibi
841 1563 944 1636 illatis
956 1562 1091 1654 injuriis
1102 1573 1137 1635 et
1149 1564 1407 1657 gravaminibus
1420 1584 1482 1658 par
1491 1573 1668 1658 optentum
1682 1587 1761 1658 gra·

358 1687 403 1760 tis
429 1698 544 1760 nostre
567 1696 836 1781 compescentes.
862 1685 1067 1760 llandamns
1090 1685 1196 1780 igitur
1220 1687 1421 1762 auctoritate
1440 1687 1536 1780 regia
1567 1685 1761 1761 firmissime

357 1811 457 1883 robis
473 1811 700 1906 precipientes
725 1810 890 1905 quatinus
905 1810 1037 1884 dictum
1061 1811 1253 1906 principem
1273 1821 1443 1902 nostrum,
1469 1811 1647 1884 ecclesiam
1663 1833 1760 1886 snam

357 1943 391 2006 et
404 1956 526 2008 ornnes
535 1935 785 2026 jurisdictionis
799 1955 863 2008 sue
877 1934 1034 2009 homines
1050 1935 1086 2007 in
1100 1934 1316 2008 libertatibus
1331 1945 1366 2008 et
1378 1935 1540 2008 omnibus
1560 1955 1678 2009 eornm
1698 1938 1761 2029 jn-

357 2058 453 2130 ribus
478 2060 627 2153 amplius
651 2079 722 2130 non
744 2057 915 2150 gravetis,
944 2057 1035 2129 sicut
1058 2057 1187 2153 regiam
1224 2057 1367 2152 diligitis
1394 2057 1538 2153 gratiam
1561 2059 1757 2154 specialem.

358 2182 483 2254 Scituri
503 2181 598 2276 qnod
613 2182 826 2276 quicumque
844 2189 997 2253 veatrum
1020 2191 1137 2254 contra
1155 2181 1355 2274 hujusmodi
1381 2182 1580 2254 mandatnm
1600 2202 1679 2254 enm
1704 2183 1760 2256 val

357 2327 438 2378 snos
450 2306 588 2378 turbare
603 2305 839 2399 presumserit,
859 2303 1024 2378 offensam
1039 2305 1111 2377 lesa
1127 2306 1259 2378 sauciet
1275 2305 1472 2397 majestatis.
1491 2308 1534 2378 Et
1546 2307 1706 2380 volumus
1722 2315 1761 2380 ut

357 2450 417 2524 per
431 2430 626 2502 sentencias
645 2427 823 2502 coherceat
845 2449 980 2515 omncs,
1001 2429 1182 2502 universos
1201 2439 1238 2500 et
1254 2429 1425 2524 singulos,
1456 2429 1519 2524 qni
1535 2430 1585 2520 ei,
1616 2431 1759 2504 ecclesie

357 2573 419 2624 suc
439 2561 501 2624 aut
521 2554 595 2624 suis
619 2553 766 2626 lesionas
781 2551 959 2624 intulerint
982 2561 1043 2624 aut
1063 2563 1259 2648 procurant.
1285 2555 1512 2626 Reservamus
1528 2563 1644 2628 antem
1659 2557 1759 2630 nobis

354 2677 410 2768 jus
421 2673 519 2768 quod
531 2676 568 2746 in
586 2675 669 2749 villa
685 2675 913 2748 Gochcsheim
924 2676 1124 2770 abantiquo
1134 2677 1346 2752 dinoscimur
1361 2677 1535 2750 habuisse.
1553 2678 1594 2750 Et
1606 2691 1644 2750 ut
1654 2680 1714 2772 huj
1720 2703 1760 2754 ns

356 2799 628 2872 renunciacionis
645 2810 679 2874 at
692 2800 941 2894 recognicionia
957 2801 1083 2896 pagina
1100 2811 1136 2874 et
1147 2801 1311 2875 memoria
1330 2801 1454 2872 futuris
1473 2787 1684 2897 temporibus
1695 2804 1757 2878 ha·

357 2923 494 3013 beatur,
511 2934 547 2996 et
561 2923 594 2996 ei
611 2932 646 2996 at
663 2923 809 2996 ccclesia
823 2944 967 3018 suaque
981 2923 1140 3019 superius
1157 2935 1238 2996 sunt
1250 2945 1412 3020 expressa
1431 2925 1672 3000 inviolabiliter
1687 2929 1758 3001 ob-

357 3057 554 3137 serventur,
576 3067 718 3142 prcsens
733 3047 898 3142 scripturn
913 3047 1018 3142 sigilli
1032 3048 1138 3120 nostri
1151 3047 1342 3120 munimine
1357 3047 1501 3121 lecimus
1515 3049 1680 3124 roborari.

401 3175 488 3245 Data
504 3173 627 3266 llougc
647 3171 719 3264 (l),
738 3191 831 3245 anno
847 3171 984 3244 Domini
996 3172 1044 3245 nr
1059 3170 1121 3243 CC‘
1134 3171 1332 3255 xxxlfflt,
1356 3173 1403 3244 xl
1426 3171 1591 3246 kalendas
1612 3174 1757 3250 decem-

356 3295 444 3383 bris,
460 3293 651 3368 indictione
666 3303 801 3368 octava.

405 3791 610 3902 Henricus,
633 3796 893 3882 Romanorum
910 3825 996 3906 rer,
1025 3801 1204 3885 ecclesiae
1222 3802 1348 3886 Sancti
1366 3804 1548 3889 Iohannis
1566 3808 1606 3890 in
1623 3808 1756 3922 Houge
1811 3828 1940 3936 235¹,pr

354 3927 630 4012 ordinationem
663 3929 930 4017 Embrichonis
964 3933 1271 4046 wirzburgensis
1305 3935 1399 4019 olim
1431 3940 1620 4049 episcopi,
1655 3970 1756 4029 anno
1785 3935 1812 3979 ²⁸
1830 3937 1964 3980 '¹⁰'⁰¹¹²⁶²¹''

357 4059 459 4140 1150
485 4069 687 4168 statutam,
706 4067 926 4148 renovando
960 4067 1244 4176 confirmat3vi
1279 4068 1408 4178 cujus,
1428 4074 1634 4157 mandente
1667 4103 1755 4188 rege

353 4185 549 4298 lothario,
577 4219 754 4278 excessus
778 4196 1018 4307 Regenhardi
1045 4201 1094 4284 de
1118 4201 1244 4310 Ense,
1267 4204 1438 4288 advocati
1462 4206 1652 4315 praelatae
1682 4235 1753 4292 ec-

354 4318 502 4429 clesiae,
522 4323 563 4404 in
580 4325 681 4408 uillis
699 4327 874 4436 diversis,
893 4329 934 4410 in
951 4357 1052 4441 pago
1068 4332 1306 4444 Badcngowa
1323 4337 1424 4445 sitis,
1444 4351 1698 4450 removentur,
1718 4352 1756 4426 et

353 4450 423 4561 ipsi
445 4465 484 4537 ct
498 4455 726 4543 haeredibus
747 4459 850 4570 ejus,
869 4471 1019 4546 tantum
1046 4490 1091 4547 ar
1114 4467 1256 4578 gratia,
1287 4479 1389 4552 certa
1413 4471 1606 4580 quantitas
1634 4475 1755 4558 servi-

354 4583 493 4668 tiorum
511 4589 584 4672 snb
602 4591 842 4676 anathemate
859 4593 1099 4706 relinquitur.

359 4749 565 4767 *b———u—
610 4759 1005 4774 -···-0.-·—--—-----—-—-—-
1537 4773 1689 4784 Ἣ·-
1699 4777 1750 4790 --“

389 4821 549 4976 (giemum
565 4827 710 4888 dameam
723 4831 820 4907 drop,
842 4831 922 4890 bodie
939 4832 1009 4891 intra
1028 4849 1120 4891 muros
1136 4834 1251 4893 civitatis
1273 4835 1472 4910 llerbipolansis
1494 4839 1586 4899 sitnm.
1610 4842 1650 4900 Cf.
1671 4849 1691 4901 t.
1712 4847 1751 4917 11,

356 4931 383 4989 r.
453 4928 535 4993 ‚not
547 4927 575 4980 r.
