4859 6359
366 734 467 797 lrnrur.
482 732 527 817 o]
814 730 1013 795 lllsTonlA
1040 730 1336 795 nlrlollll'rlcn
1451 725 1453 728 ’
1721 728 1781 790 6οἸ

366 864 610 967 cysterciensis
627 866 759 941 ordinis
776 888 798 942 a
813 868 1090 965 progenitoribus
1108 868 1232 942 nostris
1248 866 1446 959 fundatam,
1467 856 1600 937 oonotls
1612 884 1780 961 superve-

365 995 543 1070 nientibus
561 992 810 1067 tamdivitibus
820 1014 925 1089 quam
937 994 1167 1092 pauperibus,
1188 992 1334 1066 infirmis
1350 1000 1385 1065 et
1399 992 1589 1087 peregrinis
1604 988 1780 1063 adomnia

365 1120 517 1195 unalis
541 1130 577 1195 et
598 1117 839 1216 hospitalitatis
861 1140 983 1217 opera,
1013 1119 1094 1193 licet
1119 1120 1165 1195 ad
1192 1119 1260 1193 hou
1284 1118 1401 1192 minus
1429 1104 1594 1210 sufficiat,
1624 1126 1779 1212 oportere

365 1267 503 1342 semper
518 1265 595 1319 esse
611 1252 789 1341 paratam
814 1242 904 1317 hano
922 1243 1031 1343 ipsius
1048 1244 1326 1319 insufficientiam
1342 1241 1578 1317 miserioordiu
1596 1242 1692 1315 duell
1708 1242 1780 1315 ali-

364 1371 571 1467 quantulum
595 1368 778 1444 sublevare
804 1368 1003 1467 cupientes,
1037 1370 1275 1467 significamus
1307 1368 1524 1443 universitati
1546 1380 1660 1443 vestre
1684 1368 1780 1465 qnod

366 1516 429 1569 nos
446 1494 492 1569 de
522 1494 640 1568 innata
660 1492 762 1568 nobis
782 1493 881 1588 rogia
898 1494 1112 1589 benignitate
1126 1496 1313 1569 'eeclesiam
1337 1502 1488 1569 nostram
1512 1492 1549 1565 in
1576 1492 1778 1568 Annewilre

367 1638 447 1689 enm
464 1616 559 1691 omni
568 1618 648 1711 jure
660 1636 725 1689 suo
735 1615 836 1691 beate
846 1616 953 1693 llario
966 1616 1118 1712 Virginis
1134 1616 1289 1691 dominio
1301 1618 1338 1690 in
1350 1616 1473 1691 eodem
1485 1618 1561 1689 looo
1577 1616 1781 1691 liberalitate

366 1740 570 1834 ragelinum
589 1738 726 1815 venabit
742 1740 968 1834 eontulimos,
993 1739 1040 1814 ad
1063 1740 1237 1839 predictos
1255 1741 1391 1837 pietatis
1407 1762 1492 1813 usus
1509 1750 1676 1836 perpetuo
1690 1762 1779 1837 pos-

365 1862 562 1939 sidendam.
582 1861 637 1938 Ad
653 1862 852 1958 hujusmodi
866 1864 973 1959 igitur
990 1862 1071 1937 lacti
1089 1865 1197 1938 nostri
1214 1866 1416 1939 memoriam
1427 1863 1676 1959 roborandam,
1695 1886 1777 1962 pre-

366 1998 498 2063 sentem
514 1988 661 2062 litteram
678 1988 791 2087 sigillo
814 1996 930 2063 nostro
945 1989 1193 2063 communitum
1210 1989 1372 2062 fratribus
1388 1988 1499 2085 ipsius
1509 1988 1654 2063 ecclesie
1672 1988 1778 2063 duxi·

358 2134 445 2185 mus
462 2112 721 2207 assignandam.

414 2238 532 2310 Testes
551 2246 632 2310 sunt
649 2235 699 2309 hii
716 2261 726 2308 r
746 2234 929 2311 cunradus
944 2236 1052 2311 abhas
1069 2236 1184 2311 Sanoti
1202 2236 1306 2331 Galli,
1326 2237 1424 2311 Cuno
1441 2237 1552 2311 abbas
1574 2237 1620 2312 de
1636 2238 1775 2313 Winen·

366 2361 465 2453 bure,
484 2360 667 2435 Heinriuus
681 2382 796 2437 onmes
811 2360 856 2436 de
862 2360 1006 2451 Werda,
1020 2360 1229 2435 Anshelmns
1246 2362 1292 2435 de
1306 2360 1540 2458 llapoldstein,
1560 2362 1779 2438 Eberhardus

368 2486 502 2583 dapifer
519 2486 564 2560 do
585 2486 789 2585 Walppura,
815 2488 859 2561 Η.
878 2487 1087 2562 camerarius
1108 2486 1154 2561 da
1168 2486 1416 2583 Raveusburg,
1440 2488 1480 2560 F.
1501 2488 1604 2561 irater
1620 2510 1723 2581 suus,
1743 2497 1778 2562 et

368 2611 425 2685 alii
442 2612 678 2708 quamplures.

415 2734 870 2831 ActumapudSnnnisheim
880 2734 947 2835 (t),
961 2758 1055 2810 anno
1067 2735 1776 2831 dominioeinoarnationisM.CC.XXXlll,

368 2858 400 2933 X
417 2858 585 2935 kalendas
603 2862 739 2959 aprilis,
757 2860 947 2935 indictione
965 2873 1077 2935 sexta.

418 3439 628 3547 Henrious,
657 3440 918 3526 Romanorum
944 3468 1033 3553 rex,
1060 3452 1184 3527 ratum
1210 3444 1327 3529 habet
1357 3457 1395 3530 et
1421 3448 1622 3533 ooniirmet
1652 3452 1780 3535 dona·
1832 3521 1936 3566 ,m

369 3573 507 3657 tionem
543 3599 662 3685 quam
702 3574 915 3659 Fridorious
949 3576 1207 3661 ministerialis
1244 3580 1293 3663 de
1330 3579 1565 3695 Nordlingen
1599 3584 1779 3697 hospitali

368 3708 496 3793 Sancti
515 3706 678 3820 Spiritus
695 3710 743 3793 de
759 3709 994 3823 Nordlingen
1012 3712 1061 3797 de
1081 3712 1248 3823 praediis
1270 3714 1351 3798 suis
1368 3715 1470 3801 iecit.

447 3917 550 4001 (Edld.
564 3920 644 3983 Dru.
659 3924 752 3987 Euam
766 3922 862 4005 Dono,
884 3922 1076 3989 Grtlndlicllrr
1092 3926 1209 3991 Berialtt
1221 3946 1276 3990 uon
1288 3926 1470 4012 Nerullinum
1490 3929 1502 4009 (
1511 3932 1622 4012 ltus),
1636 3933 1775 4016 Anhang,

484 4038 518 4089 n·
530 4028 640 4108 LXII-l

414 4212 474 4305 ll,
493 4214 558 4287 Dei
576 4214 684 4309 gratia
698 4215 928 4290 Romanorum
944 4238 1008 4293 rex
1028 4230 1062 4293 et
1080 4242 1216 4318 semper
1234 4233 1425 4319 augustus,
1450 4226 1622 4302 universis
1639 4229 1776 4326 imperii

372 4334 529 4411 fidelibus
546 4337 637 4413 hano
657 4340 820 4435 paginam
844 4341 1048 4437 inspecturis
1074 4343 1110 4415 in
1137 4356 1355 4442 perpetuum.
1385 4347 1441 4420 Ad
1466 4350 1644 4443 regiminis
1670 4353 1776 4425 nostri

372 4460 512 4553 gloriam
533 4472 570 4535 et
591 4461 638 4535 ad
659 4464 805 4537 salutem
830 4466 995 4540 convenit
1015 4467 1209 4542 animarum
1232 4480 1284 4562 ut,
1310 4472 1479 4566 pensitata
1506 4496 1701 4570 pauperum
1715 4477 1777 4550 Dei

373 4584 507 4660 miseria
518 4596 553 4659 et
563 4597 728 4681 egestate,
746 4588 904 4685 petitioni
918 4611 1035 4665 sorum
1054 4594 1171 4667 faciles
1183 4594 1414 4687 inveniamur,
1436 4606 1473 4669 ut
1487 4620 1557 4695 quo
1571 4598 1678 4695 digne
1695 4622 1778 4697 pos-

638 4774 783 4783 uum-ann·-

407 4862 439 4937 (l)
457 4864 564 4925 Scilioet
573 4864 724 4941 sirasirim,
737 4867 826 4927 media
837 4869 881 4929 via
893 4868 1099 4946 Heidelbergarn
1112 4872 1181 4933 inter
1194 4879 1223 4933 et
1232 4874 1388 4935 lleilbronn.
