4859 6359
632 756 695 819 cac
1154 745 1329 819 nrunrcr
1352 757 1519 820 snrrrm
1855 756 1935 842 [au.
1954 756 2039 819 raas

633 892 832 967 Basilicnsis
843 893 1024 989 episcopus
1040 894 1077 966 in
1093 894 1237 968 solemni
1254 894 1351 969 curia
1373 894 1471 990 apud
1487 891 1785 967 Franckinfurtnm
1803 914 1919 967 coram
1942 892 2042 965 nobis

635 1024 671 1089 et
689 1016 921 1111 principibus,
939 1017 1001 1089 ubi
1017 1026 1192 1114 presentes
1203 1025 1301 1091 erant
1321 1039 1402 1089 cum
1419 1015 1599 1091 advocatis
1618 1015 1692 1088 suis
1709 1016 1925 1087 Hermannus
1947 1036 2041 1087 mar-

636 1139 716 1213 chio
729 1137 774 1213 de
790 1139 909 1213 Baden
928 1148 962 1212 et
977 1141 1087 1236 Egino
1105 1162 1220 1215 comes
1246 1140 1293 1215 da
1315 1140 1479 1235 friburg,
1510 1136 1756 1214 contendentes
1779 1137 1825 1210 de
1847 1137 2040 1231 argentifo-

634 1262 728 1337 dinis
746 1273 780 1337 et
804 1263 970 1337 custodiis
993 1266 1158 1340 silvarum
1175 1286 1237 1361 per
1257 1265 1496 1359 Brisgaugiam
1523 1261 1620 1359 qnod
1645 1262 1834 1357 vulgariter
1851 1260 2040 1357 Wiidpann

634 1386 776 1476 dieitur,
809 1387 956 1461 obtinuit
971 1396 1005 1462 et
1024 1390 1129 1463 evicit
1148 1410 1210 1485 per
1233 1388 1451 1485 privilegium
1469 1410 1573 1462 suum
1599 1388 1694 1483 ipsas
1722 1384 1992 1478 argentifodinas
2005 1394 2041 1459 et

634 1510 810 1586 custodias
827 1512 894 1584 sibi
910 1522 944 1585 ct
960 1513 1105 1587 ecclesie
1115 1534 1178 1587 sue
1190 1513 1335 1586 attinere
1348 1514 1379 1607 (i
1388 1512 1418 1608 ),
1437 1520 1473 1585 et
1485 1512 1600 1607 ipsum
1613 1510 1805 1605 iiginonem
1819 1509 1978 1583 comitem
1995 1508 2041 1582 de

631 1634 779 1729 Friburg
794 1634 925 1711 eisdam
946 1636 1086 1733 abipso
1104 1646 1139 1710 et
1164 1636 1308 1711 ecclesia
1324 1658 1388 1710 sua
1409 1636 1561 1730 legitime
1578 1633 1809 1709 infeudatum.
1827 1632 1901 1707 Nos
1923 1632 2041 1727 itaque

631 1760 885 1835 considerantes
909 1760 1020 1856 ipsius
1040 1761 1207 1857 principis
1231 1760 1452 1835 devotionem
1475 1770 1511 1833 et
1530 1758 1628 1854 qnod
1644 1757 1828 1832 sufficienti
1844 1757 2039 1831 testimonio

631 1885 836 1979 probaverat
847 1884 1013 1979 prelibata
1028 1906 1091 1957 sue
1107 1886 1251 1958 ecclesie
1263 1885 1425 1971 attinere,
1440 1892 1667 1957 memoratum
1679 1882 1869 1977 ligincncm
1880 1881 2039 1955 comitem

630 2030 691 2103 per
705 2009 907 2081 sententiam
925 2008 1149 2105 approbatam
1163 2007 1209 2082 dc
1222 2008 1443 2104 providentia
1460 2007 1599 2081 consilii
1608 2007 1715 2080 nostri
1733 2006 1890 2079 misimus
1904 2006 1941 2077 in
1958 2026 2038 2101 pos·

633 2132 820 2204 sessionem
836 2132 1005 2204 bonorum
1019 2132 1301 2228 prescriptorum,
1317 2141 1353 2205 ct
1369 2131 1491 2205 eadem
1502 2131 1570 2226 ipsi
1587 2130 1704 2203 comiti
1717 2138 1753 2203 ct
1769 2128 1956 2203 heredibus
1963 2130 2037 2203 suis

630 2256 725 2349 regia
750 2256 951 2328 anctoritate
971 2255 1232 2348 confirmamus;
1260 2257 1464 2330 mandantes
1484 2266 1519 2329 et
1539 2255 1606 2329 sub
1630 2254 1907 2327 interminatione
1929 2254 2037 2349 gratie

629 2389 745 2452 nostre
763 2379 955 2451 firmissime
971 2380 1198 2475 precipientes
1213 2390 1254 2451 ut
1266 2380 1363 2453 nulla
1377 2380 1423 2452 eit
1434 2400 1579 2475 persona
1593 2379 1663 2451 alta
1678 2378 1735 2451 vel
1749 2378 1904 2469 humilis,
1925 2376 2037 2452 eccle-

629 2505 766 2577 siastica
779 2504 833 2575 vei
851 2502 1041 2597 mundana,
1061 2526 1130 2599 que
1142 2504 1331 2577 antefatum
1342 2504 1502 2577 comitem
1518 2503 1555 2574 in
1569 2502 1765 2575 memoratis
1776 2502 2037 2594 argentifodinis

630 2637 665 2702 et
683 2626 847 2701 custodiis
864 2628 1011 2699 ferarum
1026 2625 1194 2723 impedire
1211 2627 1400 2701 audeatvsf
1419 2649 1584 2722 gravare3
1604 2626 1700 2722 quod
1721 2626 1782 2721 qui
1800 2626 2036 2720 feceritgratia

627 2761 742 2825 nostra
760 2752 803 2824 sit
818 2750 994 2824 exclusus.
1015 2748 1072 2824 Ad
1088 2751 1194 2845 hujus
1209 2752 1312 2824 etiam
1327 2752 1409 2825 iacti
1427 2750 1637 2826 evidentiam
1655 2772 1798 2846 precem
1815 2749 2033 2845 privilegium

625 2878 693 2975 ipsi
706 2876 822 2950 comiti
836 2876 948 2969 sigilio
962 2876 1336 2948 nostroccmmunitnm
1355 2876 1499 2949 fecimus
1510 2875 1691 2969 assignari.

676 3004 791 3075 Testes
809 3009 891 3072 sunt
902 2998 1101 3091 hujusmodi
1119 3028 1128 3071 :
1144 2999 1294 3073 Sifridus
1303 3001 1540 3096 Moguntinus,
1558 2981 2035 3073 miencussrcvirensisar·

627 3125 852 3221 chiepiscopi,
872 3124 1085 3197 Ekkebertus
1101 3126 1381 3219 Bambergensis,
1397 3122 1638 3220 lingelbardus
1650 3122 1958 3216 Naumbergensis,
1978 3123 2035 3195 Si·

626 3250 738 3323 fridus
762 3248 1018 3345 Ratisponeueis
1047 3248 1221 3344 episcopi,
1254 3248 1432 3322 Conradus
1458 3249 1568 3321 abbas
1594 3247 1710 3321 Sancti
1733 3244 1843 3337 Galli,
1873 3244 2034 3320 Arbacus

627 3374 790 3463 Saxonie,
802 3372 880 3444 Otto
898 3372 1048 3445 Meranie
1062 3371 1182 3464 duces,
1203 3372 1384 3445 Heinricus
1395 3372 1547 3446 marchio
1564 3371 1610 3446 de
1626 3372 1796 3464 Bargose,
1814 3369 2033 3444 Eberhardns

626 3506 660 3569 et
676 3497 754 3569 Otto
767 3497 887 3569 fratres
904 3494 949 3569 de
960 3494 1158 3588 iiberstain,
1181 3494 1360 3570 Conradus
1373 3496 1584 3591 burgravius
1600 3493 1646 3568 de
1661 3494 1872 3590 Nnrinberg,
1893 3494 2033 3568 Heinri-

626 3641 687 3693 cus
702 3629 738 3692 et
750 3618 911 3691 Albertns
928 3620 1046 3691 iratres
1060 3618 1105 3692 de
1115 3618 1258 3708 Neiden,
1280 3642 1395 3695 comes
1404 3621 1612 3693 Wolframue
1627 3617 1674 3692 de
1684 3618 1874 3714 Veringen,
1891 3617 2032 3694 comites

625 3742 807 3815 Heinricus
824 3754 858 3815 ct
887 3744 1103 3816 Hermannue
1129 3745 1249 3817 fratres
1277 3742 1322 3819 de
1346 3743 1578 3838 Vaidinberg,
1599 3741 1761 3817 Gerlacue
1777 3743 1823 3816 de
1837 3744 2028 3838 Rutingen,

626 3867 805 3940 Heinricue
822 3867 868 3941 de
882 3867 1051 3958 Ebcrstal,
1065 3854 1226 3941 Albertus
1243 3868 1289 3941 de
1302 3869 1488 3957 Roswach,
1500 3868 1704 3964 Rudolphus
1713 3869 1847 3963 Hagge,
1865 3868 2031 3941 Eberhar-

626 3990 693 4063 dus
711 3989 843 4085 dapifer
861 3989 906 4063 de
919 3990 1126 4085 Waidperg,
1147 3990 1329 4065 Cumadus
1346 3992 1509 4087 pincerna
1526 3991 1572 4065 de
1587 3990 1838 4082 Winterstetin,
1858 3990 2030 4064 Eberhar-

627 4112 694 4186 due
712 4111 758 4186 de
770 4113 904 4204 Monte,
925 4122 959 4185 ct
976 4113 1034 4185 alii
1051 4114 1286 4209 quamplures.

673 4236 798 4310 Actum
814 4235 910 4333 apud
925 4236 1239 4327 Franekinfcrtum,
1265 4258 1357 4311 anno
1371 4237 1508 4312 Domini
1521 4237 1703 4312 millesimo
1719 4236 1955 4311 ducentesimo
1969 4234 2030 4307 tri·

627 4360 755 4434 cesimc
766 4370 907 4455 quarto,
924 4360 986 4433 XV
1005 4358 1173 4434 kalendas
1185 4361 1319 4455 martii,
1334 4360 1520 4436 indictione
1532 4362 1690 4459 septima.

661 4715 696 4791 (t)
714 4717 754 4776 Cf.
767 4718 940 4795 snpraipsius
948 4720 1097 4781 renuntias
1108 4720 1238 4795 formam,
1251 4738 1280 4797 p.
1291 4722 1355 4781 629.
