4859 6359
1110 779 1324 842 rntnunlffl
1349 781 1518 844 sscitant
1834 785 1913 864 [dnn.
1933 787 2018 848 1235.

823 1077 1750 1091 fflmmu-w--n—n--mn
1757 1083 1775 1089 -.
1782 1081 1808 1092 a

494 1443 530 1485 a.
665 1349 898 1454 fridericus,
925 1349 1187 1432 Romanorum
1212 1349 1433 1458 imperator,
1468 1351 1774 1435 constitutionem
1806 1355 2020 1462 generalem

447 1559 462 1591 ⁸
543 1524 569 1592 g
612 1482 833 1593 promulgat
854 1480 927 1565 sub
945 1480 1164 1591 quindecim
1182 1480 1358 1589 capitulis
1384 1481 1625 1592 distinctam,
1646 1485 1695 1567 ad
1715 1493 1856 1567 statum
1874 1485 2020 1596 imperii

612 1617 653 1699 in
670 1615 911 1700 observantia
927 1613 1033 1722 pacis
1050 1624 1088 1696 et
1104 1613 1325 1697 executione
1339 1611 1509 1722 justitiae
1526 1615 1827 1700 reformandum.

695 1815 790 1894 (Edit.
805 1833 854 1893 ap.
869 1815 1007 1890 Senum
1021 1815 1157 1896 Bcitrcpe
1169 1832 1226 1876 w
1242 1816 1378 1876 rranur
1392 1815 1508 1896 Gari„
1523 1825 1547 1880 t.
1562 1819 1594 1896 1,
1612 1836 1643 1896 p.
1660 1827 1727 1881 854.
1739 1851 1780 1866 -
1789 1821 1910 1894 Hom,
1934 1821 2021 1882 Zeit-

733 1918 889 2000 rcbrrfm.
906 1921 953 1992 11,
966 1937 999 1997 p.
1016 1929 1085 1992 190,
1099 1937 1169 1981 cum
1183 1921 1429 1982 veriuntlbus.-
1441 1923 1577 2001 naum,
1590 1921 1824 2000 Nebenrtunden,
1840 1941 1911 1986 nnn.
1931 1934 2018 1998 1768,

731 2045 763 2105 p.
779 2036 893 2088 tta.-
905 2027 1015 2100 Purra,
1029 2027 1158 2087 nomn
1175 2025 1275 2086 Germ·
1294 2028 1420 2101 Histoe,
1434 2034 1460 2089 t.
1475 2029 1529 2102 IV,
1542 2047 1573 2107 p.
1591 2040 1665 2104 8¹33
1681 2031 1749 2092 coll.
1764 2031 1830 2092 eod.
1846 2031 1918 2092 bibl.
1934 2031 2017 2108 publ.

730 2133 995 2206 francofurtanae,
1015 2135 1087 2194 olim
1110 2133 1142 2196 S.
1157 2133 1355 2207 sannorum„
1376 2151 1436 2196 sec.
1458 2135 1546 2211 XIII,
1561 2141 1591 2196 et
1607 2137 1710 2198 charta
1727 2139 1811 2198 elvlt.
1830 2137 2017 2211 Tremuntae,

731 2241 822 2302 seculi
835 2241 983 2318 ejusdem,
997 2256 1078 2300 nunc
1090 2241 1124 2299 iu
1136 2240 1257 2300 archivo
1270 2241 1444 2317 provinciali
1456 2240 1705 2320 Monmterlensl.)

658 2418 851 2492 Fridericus
874 2418 1066 2509 secundus,
1087 2417 1208 2491 divina
1236 2419 1373 2492 favente
1395 2419 1575 2492 clementia
1591 2420 1821 2492 Romanorum
1836 2419 2020 2515 imperator

609 2564 745 2639 semper
769 2553 957 2632 augustus,
978 2542 1164 2614 Jerusalem
1182 2552 1218 2614 et
1235 2541 1351 2614 Sicilie
1377 2562 1452 2614 rex.
1476 2542 1665 2636 imperialis
1688 2541 1871 2614 eminentie
1892 2543 2018 2616 solium

609 2677 697 2739 nutu
715 2665 834 2738 divine
853 2664 1058 2760 provisionis
1072 2665 1203 2760 adepti,
1218 2665 1308 2736 circa
1322 2665 1477 2758 regimen
1495 2665 1727 2757 subjectorum
1746 2665 1887 2738 consilia
1904 2675 2019 2738 nostra

609 2788 741 2884 duplici
759 2789 902 2860 vinculo
919 2789 1015 2883 pacis
1024 2797 1060 2860 et
1071 2788 1205 2880 justitie
1223 2787 1417 2860 roboranda
1437 2787 1652 2882 providimus
1664 2797 1704 2860 ut
1717 2808 1779 2882 por
1791 2787 1856 2861 hec
1870 2790 2017 2862 nominis

608 2913 715 2985 nostri
733 2911 916 2984 celebritas
933 2911 1060 2984 habeut
1076 2911 1173 3006 quod
1186 2911 1252 2984 sibi
1265 2923 1379 2986 servet
1393 2909 1440 2984 ad
1457 2911 1615 3004 gloriam,
1632 2911 1781 2984 subditis
1792 2910 1839 2985 ad
1856 2913 2013 2986 salutem.

607 3037 660 3108 Ex
678 3037 733 3108 his
749 3036 841 3108 enim
859 3036 1024 3131 precipue
1038 3036 1193 3108 munitur
1206 3035 1391 3108 auctoritas
1407 3035 1622 3130 imperantis,
1644 3057 1723 3108 cum
1744 3035 1780 3106 in
1799 3036 2017 3110 observantia

607 3160 702 3254 pacis
712 3168 747 3232 et
762 3160 966 3232 executione
978 3159 1112 3251 justitie
1122 3171 1291 3254 quantum
1305 3158 1464 3232 terribilis
1480 3169 1532 3232 est
1542 3159 1725 3255 perversis,
1735 3168 1866 3232 tautum
1881 3171 1932 3232 est
1947 3160 2017 3234 de-

606 3281 801 3354 siderabilis
826 3283 1029 3354 mansuetis.
1053 3281 1200 3356 Proinde
1227 3304 1307 3354 cum
1335 3281 1381 3354 ad
1403 3281 1620 3354 commissam
1643 3283 1744 3356 nobis
1768 3283 2014 3378 rempublicam

606 3406 867 3500 gubernandam
878 3427 942 3478 nos
954 3427 1081 3500 urgens
1098 3427 1182 3478 cura
1194 3406 1354 3478 sollicitet
1365 3415 1404 3478 ut
1422 3406 1489 3479 sub
1504 3405 1594 3478 felici
1616 3413 1809 3478 nostrorum
1822 3415 2013 3502 temporum

605 3540 695 3603 statu
706 3529 797 3603 circa
812 3529 985 3620 subiectos
1003 3529 1111 3602 nostri
1127 3529 1261 3624 imperii
1281 3529 1427 3624 populos
1448 3530 1564 3623 vigeat
1582 3531 1678 3625 pacis
1695 3538 1730 3602 et
1741 3529 1873 3621 justitie
1890 3529 2016 3603 mode-

605 3673 744 3740 ramen,
764 3652 843 3724 licet
856 3673 919 3748 per
933 3662 1038 3725 totam
1056 3652 1273 3726 Germaniam
1291 3652 1466 3723 constituti
1483 3653 1606 3725 vivant
1623 3653 1660 3723 in
1680 3652 1795 3724 causis
1813 3661 1848 3723 et
1868 3653 2014 3746 negotiis
2098 3737 2101 3742 ,

605 3777 819 3872 privatorum
833 3775 1144 3849 consuetudinibus
1161 3775 1354 3870 antiquitus
1373 3773 1506 3848 traditis
1523 3785 1558 3848 et
1574 3777 1655 3870 jure
1673 3797 1743 3848 non
1761 3775 1907 3870 scripto,
1931 3776 2015 3870 quia

606 3908 720 3970 tamen
746 3896 857 3971 ardua
883 3898 1033 3992 quedam
1058 3920 1129 3993 qus
1154 3901 1347 3992 generalem
1364 3907 1490 3972 statum
1516 3907 1550 3972 et
1576 3899 1854 3994 tranquillitatem
1881 3900 2013 3996 imperii

606 4004 838 4094 reformabaut
854 4021 1011 4094 nondum
1030 4023 1166 4094 ruerant
1184 4021 1378 4116 specialiter
1399 4019 1611 4112 introducta,
1635 4043 1784 4116 quorum
1800 4031 1929 4114 partem
1943 4023 2015 4094 ali-

607 4167 713 4240 quam
729 4144 901 4239 siquando
918 4165 1020 4217 casus
1032 4143 1188 4218 trahebat
1201 4145 1239 4216 in
1258 4165 1412 4231 causam,
1429 4143 1508 4216 lictu
1522 4144 1633 4237 magis
1647 4145 1763 4238 opinio
1778 4165 1882 4238 quam
1897 4146 2014 4216 statuti

603 4270 694 4362 juris
704 4278 766 4340 aut
778 4277 918 4363 opteute
933 4267 1195 4342 contradictorio
1203 4269 1336 4360 jndicio
1348 4268 1607 4342 consuetudinis
1619 4269 1786 4340 sententia
1795 4267 2010 4357 terminabat;

608 4391 654 4466 de
670 4392 813 4464 consilio
829 4401 864 4463 et
884 4412 1027 4464 assensu
1049 4391 1250 4466 dilectorum
1276 4393 1466 4486 principum
1493 4391 1798 4464 ecclesiasticorum
1821 4401 1857 4464 et
1873 4393 2025 4466 secula-¹

607 4517 698 4588 rium
714 4517 751 4586 in
768 4517 936 4611 solempni
953 4515 1050 4587 curia
1067 4516 1238 4590 celebrata
1254 4517 1431 4608 Mogontia
1452 4515 1712 4588 constitutiones
1725 4513 1895 4610 quasdam
1912 4517 2013 4588 certis

607 4641 768 4734 capitulis
778 4639 1051 4733 comprehensas,
1065 4641 1281 4734 presentibus
1293 4638 1421 4711 eisdem
1435 4639 1660 4734 principibus,
1672 4637 1844 4712 nobilibus
1855 4639 2012 4734 plurimis

607 4773 642 4836 et
657 4763 734 4834 aliis
753 4762 913 4835 fidelibus
927 4763 1074 4858 imperii,
1087 4763 1232 4835 lecimus
1249 4763 1478 4858 promulgari;
1493 4761 1629 4856 quasin
1647 4761 1783 4858 publica
1799 4763 2011 4837 munimenta

607 4887 763 4962 redactus
787 4887 833 4958 ab
855 4886 1024 4959 universis
1037 4895 1072 4958 et
1088 4886 1236 4980 siugulis
1250 4887 1418 4978 jussimus
1440 4886 1683 4960 inviolabiliter
1702 4885 1902 4977 observari,
1924 4907 2011 4982 pena
