4859 6359
580 772 641 834 932
777 770 992 834 ralbsltlct
1016 772 1192 835 Slldlllllll
1218 770 1417 833 HISTORIA
1443 767 1736 833 birbouarlca
1794 772 1876 855 [tn.
1894 777 1982 840 1236.

577 908 658 981 bata
676 905 840 979 fiduciam
855 908 1008 997 gerimus
1023 909 1222 1005 pleniorem.
1243 910 1368 981 Deesso
1385 916 1499 981 tamen
1518 904 1728 1007 propter[ea]
1750 930 1815 983 vos
1831 911 1931 984 nobis
1947 912 1984 985 in

579 1031 646 1104 bac
663 1040 760 1125 parte
774 1030 920 1103 libenter
938 1032 1117 1125 eligimus,
1136 1030 1373 1104 indubitanter
1390 1029 1586 1102 estimantes
1609 1029 1706 1123 quod
1728 1030 1817 1125 quid
1834 1034 1983 1125 gratiose

577 1155 757 1227 vobiscum
783 1155 907 1227 vostris
931 1156 1105 1250 parcendo
1131 1154 1330 1250 emporibus
1352 1152 1508 1248 agimus,
1530 1152 1565 1223 in
1587 1152 1720 1225 liberali
1739 1156 1983 1230 sustentatione

576 1300 692 1351 rerum
716 1286 906 1350 vestrarum
937 1280 1048 1372 gratie
1073 1287 1189 1351 nostre
1210 1277 1382 1372 premium
1413 1274 1566 1347 hilariter
1596 1278 1796 1369 repensatis.
1825 1278 1982 1373 Denique

574 1426 654 1476 cum
676 1401 743 1475 bac
763 1402 841 1474 vioe
860 1402 1077 1496 congregatis
1098 1402 1255 1493 undique
1276 1400 1429 1488 viribus,
1455 1420 1536 1471 cnm
1558 1409 1653 1473 tanto
1674 1400 1828 1475 exercitu
1849 1404 1978 1476 ltaliam

572 1524 708 1620 ingredi
727 1524 953 1619 disponamus
968 1524 1034 1619 (t),
1052 1536 1092 1596 ut
1108 1524 1288 1597 humiliata
1309 1522 1414 1595 simul
1431 1531 1466 1595 et
1478 1524 1586 1595 semel
1602 1523 1773 1617 protervia
1787 1535 1978 1599 nostrorum

571 1648 771 1739 rebellium,
791 1648 943 1742 quietern
956 1648 1058 1722 nobis
1072 1657 1108 1721 et
1124 1646 1225 1721 vobis
1240 1668 1282 1719 ac
1292 1646 1436 1741 posteris
1451 1644 1556 1717 etiam
1573 1666 1813 1741 preparemus;
1829 1669 1978 1743 cumque

571 1785 642 1847 tam
656 1793 821 1866 magnum
840 1772 1020 1864 negocium
1038 1771 1114 1844 sine
1132 1770 1268 1864 magnis
1282 1768 1446 1863 expensis
1464 1781 1614 1863 nequeat
1630 1769 1808 1865 expediri,
1828 1772 1976 1845 univer,-

568 1898 703 1972 sitatem
716 1906 867 1971 uestram
881 1906 998 1970 tenore
1020 1896 1232 1993 presentium
1251 1894 1487 1984 exhortamur,
1506 1892 1649 1967 tirmiter
1661 1894 1878 1989 injungentes
1894 1920 1977 1993 qua·

569 2034 671 2095 tenus
685 2018 733 2093 ad
751 2020 1025 2093 mansuetndinis
1038 2030 1155 2093 nostre
1166 2017 1332 2113 gretiam,
1348 2038 1453 2111 quam
1473 2017 1510 2089 in
1527 2017 1844 2091 subministratione
1861 2040 1974 2093 rerum

569 2168 632 2243 pro
645 2166 871 2241 personarum
888 2142 1080 2238 dispendiis
1098 2142 1342 2238 permittimus,
1361 2160 1508 2213 necnon
1526 2139 1573 2214 ad
1591 2141 1864 2234 magnitudinem
1882 2152 1975 2217 tante

569 2272 637 2362 rei,
655 2271 692 2341 in
705 2290 776 2363 qua
789 2269 860 2340 lere
876 2276 968 2340 totus
984 2267 1111 2341 amoris
1123 2266 1231 2339 nostri
1245 2264 1405 2339 cumulus
1420 2274 1642 2359 aggregatur,
1665 2264 1826 2339 babendo
1839 2288 1973 2362 respec-

571 2404 663 2485 tum,
684 2392 731 2465 ad
756 2390 1016 2485 requisitionem
1043 2400 1079 2461 et
1100 2390 1352 2463 ordinationem
1379 2387 1581 2461 dilectorum
1603 2386 1756 2463 fidelium
1782 2400 1973 2463 nostrorum

570 2572 579 2590 .
603 2572 613 2589 .
636 2570 646 2590 .
665 2527 728 2591 et.
753 2569 763 2587 .
786 2570 794 2587 .
813 2514 849 2586 in
865 2515 1096 2587 subventione
1111 2516 1258 2609 pecunie
1272 2513 1322 2587 sic
1336 2510 1523 2585 honorilice
1536 2521 1641 2605 atque
1656 2512 1838 2607 magnilica
1852 2515 1974 2609 pruvi-

565 2641 649 2716 dere
666 2642 811 2729 curetis,
825 2647 866 2710 nt
873 2646 1066 2711 vestrorum
1085 2638 1366 2733 predecessorum
1384 2634 1540 2729 vestigiis
1556 2635 1763 2727 inherentes,
1779 2638 1841 2731 qui
1859 2658 1922 2709 nos
1937 2648 1972 2709 et

562 2765 824 2861 predecessores
839 2772 973 2835 nostros
986 2762 1171 2836 tenerrime
1182 2760 1395 2845 dilexerunt,
1414 2758 1598 2833 laudabilis
1609 2760 1724 2855 operis
1736 2762 1971 2855 experimento

562 2888 771 2986 probemini,
791 2906 925 2981 nosque
938 2886 1179 2981 perspicaciter
1195 2885 1377 2959 rideamus
1395 2902 1459 2955 vos
1475 2881 1643 2955 bonorum
1657 2891 1851 2955 nostrorum
1871 2883 1971 2956 solli-

562 3015 647 3087 citos
661 3021 696 3085 et
711 3020 863 3087 attentos
878 3030 955 3083 esse
976 3019 1165 3099 amatores,
1185 3018 1221 3081 et
1240 3017 1279 3081 ut
1302 3006 1403 3081 nobis
1425 3002 1630 3079 absentibus
1647 3005 1838 3079 allectionis
1859 3015 1970 3081 vestre

561 3136 634 3209 ralo
666 3136 845 3208 veleamus
882 3132 1053 3205 ascribere
1086 3130 1254 3226 quioquid
1285 3130 1387 3205 nobis
1428 3129 1645 3227 presentibus
1677 3138 1793 3203 nostre
1825 3150 1970 3225 persone

562 3258 753 3333 reverentie
776 3256 997 3331 conferretur.

596 3557 633 3632 (t)
649 3554 691 3615 ltu
702 3556 754 3613 boo
770 3555 829 3613 loco
841 3554 876 3613 de
887 3552 1004 3613 meando
1018 3554 1047 3610 in
1066 3551 1250 3610 lombardiam
1267 3550 1436 3625 expeditione
1457 3565 1528 3607 nunc
1543 3550 1586 3623 agi
1606 3548 1777 3620 arbibamur,
1796 3556 1825 3607 et
1839 3550 1966 3624 scripturn

561 3653 795 3728 tobsoepistolam
806 3668 891 3726 quum
908 3652 1052 3726 immrator
1066 3648 1147 3706 inerit
1157 3649 1186 3704 in
1201 3647 1359 3705 alemannia
1374 3662 1508 3705 reversus.
1527 3648 1594 3705 ltom
1608 3662 1673 3705 roro
1691 3646 1726 3704 ad
1745 3646 1868 3703 edednm
1888 3645 1967 3721 paulo

561 3758 623 3828 post
636 3752 743 3809 ducam
753 3749 943 3823 comperimus,
958 3753 1027 3807 testo
1040 3746 1169 3805 ltioeardo
1178 3746 1214 3804 de
1230 3746 1258 3803 S.
1271 3745 1419 3815 Germano,
1440 3760 1523 3820 quum
1538 3746 1628 3803 dicat:
1644 3740 1772 3803 allodem
1788 3759 1881 3803 mense
1893 3742 1963 3818 (scil.

560 3849 658 3909 martio
669 3848 757 3922 ⁴2³7),
773 3848 932 3923 imperatore
945 3846 1098 3917 mundante,
1113 3843 1245 3919 generalis
1258 3842 1368 3901 collecta
1380 3858 1430 3918 per
1442 3849 1528 3902 toturn
1541 3858 1654 3918 regnum
1666 3843 1814 3917 exigitur.»

1028 4322 1125 4374 Billis
1154 4320 1287 4373 atarto
1316 4316 1491 4380 obibunt.
