4859 6359
396 769 494 830 bore.
511 766 555 847 9.]
845 767 1042 832 ittsuotttt
1065 767 1359 832 ntrtouertca

449 1289 565 1374 Beata
599 1289 794 1374 Elizabeth
821 1290 883 1404 (l)
914 1293 955 1375 in
982 1293 1163 1404 ltlarpurg
1188 1293 1374 1378 manslata
1398 1302 1457 1376 est
1486 1293 1660 1378 kalendis
1686 1297 1802 1405 maii,
1862 1319 1979 1421 apg-p.

255 1505 259 1512 .
396 1435 593 1532 praesente
610 1425 836 1534 imperatore
853 1435 892 1508 et
912 1426 1043 1510 multis
1064 1426 1313 1536 principibus.
1334 1427 1456 1510 Tanta
1477 1427 1531 1510 ibi
1556 1436 1639 1510 erat
1664 1429 1803 1512 multi-

396 1557 489 1639 tudo
515 1556 717 1640 hominum
744 1567 929 1667 quantam
956 1585 997 1642 se
1022 1584 1150 1670 nemo¹
1166 1585 1340 1669 unquam
1367 1560 1540 1642 meminit
1564 1560 1704 1669 pariter
1730 1588 1803 1644 as-

396 1688 593 1797 pexisse...
614 1690 769 1773 Postera
786 1691 848 1774 die
868 1691 1074 1800 imperator
1082 1692 1148 1774 ivit
1156 1692 1407 1776 Wetllariam.
1429 1693 1587 1808 444444.
1607 1693 1802 1800 Sannaus,

396 1822 445 1903 ad
463 1849 554 1904 ann.
576 1850 616 1932 p.
634 1825 730 1904 tto.
742 1823 887 1908 -Hoc
904 1849 1007 1907 anno
1021 1824 1195 1907 kalendis
1213 1824 1304 1906 maii
1321 1824 1499 1909 Marburc
1515 1825 1712 1909 translatio
1730 1853 1802 1910 so-

396 1954 533 2037 lemnis
552 1955 651 2038 lacta
669 1967 726 2039 est
744 1967 896 2040 sanotae
913 1957 1127 2062 Elizabeth,
1154 1967 1351 2066 praesente
1366 1959 1556 2042 Friderico
1579 1959 1805 2068 imperatore

396 2112 441 2168 ac
458 2085 582 2170 tribus
609 2089 900 2198 archiepiscopis
920 2089 1160 2200 Mogontino,
1183 2089 1416 2194 Coloniensi,
1441 2090 1649 2174 Bremensi.
1671 2091 1740 2176 Ubi
1757 2119 1805 2178 ex

395 2217 499 2301 illius
515 2220 666 2305 ossibus
684 2221 813 2304 oleum
830 2221 1110 2306 evidentissime
1127 2222 1340 2307 desudavit.
1360 2222 1530 2306 Cleonis.
1550 2223 1711 2332 Ersord.
1736 2251 1800 2334 ap.

395 2349 587 2460 bocauna,
606 2361 752 2454 Foetes,
775 2364 805 2437 t.
831 2355 882 2460 ll,
908 2382 950 2464 p.
971 2359 1064 2440 596.
1080 2401 1136 2418 ·-
1151 2355 1361 2464 Imperator
1385 2356 1530 2439 interea
1545 2357 1740 2442 descendit
1763 2359 1805 2441 in

395 2493 565 2568 casuum
582 2487 726 2570 dictum
754 2485 977 2592 Marburch,
1008 2487 1076 2572 ubi
1102 2489 1143 2570 in
1177 2487 1353 2572 kalendis
1387 2489 1479 2572 maii
1513 2490 1803 2574 innumerabilis

395 2618 527 2727 populi
545 2617 652 2703 affine
668 2619 887 2704 multitudo.
908 2620 1007 2707 Nam
1026 2646 1050 2702 a
1069 2620 1200 2703 multis
1218 2621 1470 2729 prudentibus
1483 2622 1684 2705 duodecies
1701 2649 1801 2706 oen-

395 2760 478 2834 tnm
510 2750 632 2834 millia
667 2752 871 2836 hominum
891 2753 1099 2862 promiscui
1126 2778 1240 2836 sexus
1261 2753 1436 2836 estimata
1466 2764 1557 2836 sunt
1580 2757 1803 2839 convenisse

396 2883 686 2968 admemoriam
704 2894 859 2969 sanctae
884 2886 1021 2970 uduae
1046 2883 1266 2991 Elisabeth,
1294 2884 1404 2994 cujus
1425 2884 1640 2995 glorificum
1663 2913 1801 2996 corpus

396 3015 445 3098 ad
470 3036 624 3126 capsam
652 3044 809 3102 auream
835 3028 893 3101 est
918 3017 1147 3102 translatum
1173 3019 1395 3101 auctoritate
1420 3019 1563 3101 summi
1589 3019 1800 3127 pontificis,

394 3147 462 3258 qui
479 3148 554 3232 hoc
570 3151 767 3260 negotium
789 3151 912 3235 tribus
932 3151 1117 3262 episcopis
1139 3149 1348 3260 commisit,
1366 3151 1540 3236 uidelicet
1562 3153 1800 3263 Magnetino,

395 3281 615 3366 Treverensi
641 3293 679 3366 et
699 3285 987 3389 Hildesemensi,
1017 3310 1242 3395 quanquam
1266 3284 1322 3369 ibi
1347 3283 1459 3368 multi
1484 3284 1549 3367 alii
1575 3285 1740 3395 episcopi
1765 3295 1804 3371 et

394 3413 584 3524 principes
619 3414 828 3500 affuissent.
865 3416 951 3527 lpse
980 3417 1095 3500 etiam
1130 3417 1336 3526 imperator
1369 3416 1518 3526 pmmns
1547 3417 1715 3526 lapidem
1754 3419 1804 3502 de

396 3547 632 3658 sarcophago
662 3547 799 3633 levarit
834 3558 872 3632 et
905 3574 1088 3634 coronam
1123 3575 1279 3633 auream
1311 3549 1361 3632 de
1394 3574 1466 3632 suo
1490 3548 1669 3634 thesauro
1696 3577 1804 3635 sacro

396 3679 508 3789 capiti
535 3681 795 3765 sanctissimae
820 3681 957 3767 uiduae
983 3681 1179 3792 imposuit.
1208 3681 1265 3766 Ibi
1293 3691 1442 3792 praeter
1469 3681 1591 3768 multa
1618 3684 1804 3768 miracula

395 3811 523 3896 oleum
541 3815 589 3897 de
616 3841 724 3898 sacro
745 3840 903 3924 corpore
920 3814 1079 3922 effluxit,
1099 3825 1171 3898 etc.
1192 3815 1351 3898 Gonane.
1374 3815 1506 3899 Concu.
1527 3842 1590 3924 ap.
1611 3815 1802 3924 Beneuen,

396 3951 540 4044 Foetes,
563 3957 593 4030 t.
614 3947 663 4050 ll,
679 3975 719 4058 p.
742 3949 836 4032 568.
856 3993 911 4012 -
929 3946 989 4031 cf.
1009 3947 1107 4031 llist.
1128 3960 1284 4030 monast.
1302 3955 1343 4030 S.
1363 3953 1477 4028 taor.
1498 3950 1607 4030 Laod.
1624 3974 1686 4058 ap.
1703 3949 1805 4035 Mra-

395 4104 502 4188 rsun,
532 4081 683 4163 collect.
710 4079 897 4192 ampliss,
919 4090 949 4162 t.
970 4080 1035 4190 IV,
1055 4107 1095 4190 p.
1120 4079 1238 4163 1098.

431 4313 466 4388 (4)
482 4315 631 4390 Elisabeth,
646 4318 768 4377 Andreae
779 4319 850 4392 regis
863 4318 1048 4392 ilungarorum
1061 4317 1129 4388 tilia,
1146 4316 1272 4374 Ludorici
1283 4315 1444 4390 Tbudogiae
1457 4315 1597 4390 lantgravii
1613 4333 1689 4389 uxor,
1706 4321 1740 4375 49
1755 4334 1802 4376 no

396 4413 486 4471 remb.
501 4417 567 4473 taor
578 4415 708 4474 'decaseit
721 4417 793 4492 apud
811 4417 938 4492 llarburg
952 4415 998 4472 ubi
1018 4415 1125 4489 sepulta
1142 4413 1278 4471 miraculis
1294 4413 1399 4470 claruit.
1421 4413 1498 4472 Anno
1515 4417 1585 4471 ttab
1601 4418 1632 4471 t·
1641 4415 1710 4489 junii
1725 4429 1802 4474 sanc-

397 4515 485 4568 torum
497 4512 617 4586 catalogo
628 4529 645 4570 a
658 4513 788 4588 Gregorio
801 4527 873 4588 papa
885 4512 936 4570 luit
948 4513 1092 4587 adscripta.
1112 4509 1281 4569 lutherianie
1293 4509 1458 4583 temporibus
1465 4511 1525 4582 ejus
1535 4525 1598 4569 ossa
1610 4511 1646 4568 ad
1655 4511 1801 4585 dandam,

396 4612 428 4664 nt
438 4607 576 4680 dicebant,
592 4611 817 4684 superstitionem,
832 4611 859 4668 in
872 4609 967 4683 angulo
981 4609 1111 4668 ecclesiae
1124 4607 1280 4666 abscondita
1289 4607 1336 4664 diu
1344 4606 1488 4678 4444444444,
1497 4623 1611 4680 quornm
1622 4623 1686 4682 pers
1697 4609 1804 4668 inventa

397 4703 505 4762 tandem
519 4705 568 4762 luit
576 4711 611 4766 44)
623 4707 683 4781 julii
699 4711 779 4780 4844,
792 4709 857 4766 dum
870 4707 1057 4766 restaurationi
1070 4705 1201 4764 ecclesiae
1213 4704 1323 4780 opifices
1334 4719 1432 4761 manus
1444 4704 1625 4762 admoverent.
1640 4708 1804 4781 capsacem

397 4806 425 4858 44
439 4803 552 4875 gemmis
566 4805 692 4864 decorata
705 4813 733 4864 44
747 4823 830 4865 amaa
841 4822 939 4865 corona
952 4821 1030 4864 sacro
1041 4805 1122 4880 capiti
1134 4803 1259 4877 imposita
1270 4803 1328 4875 jem
1340 4801 1440 4859 dudum
1447 4801 1620 4876 spoliatorum
1630 4805 1804 4879 rapacitatem

398 4911 451 4955 non
462 4907 614 4960 4444444444.
629 4902 671 4961 Gi.
684 4919 754 4976 quae
767 4904 899 4962 notaverit
913 4905 1093 4976 Bonnmm,
1104 4903 1206 4976 4449444.
1218 4901 1344 4976 imperii,
1359 4917 1388 4976 p.
1404 4901 1466 4959 464.
