4859 6359
621 832 682 895 590
1139 830 1313 891 flevarat
1337 830 1506 892 SEPTlldl
1846 830 1927 915 [Astra
1944 832 2031 897 1232

620 966 841 1065 sempiterna.
862 965 1003 1039 Noverit
1032 964 1137 1061 igitur
1165 975 1234 1039 tam
1257 988 1399 1063 presens
1421 976 1496 1041 etas
1511 987 1619 1063 wem
1634 986 1836 1041 successura
1853 970 2034 1063 posteritas

618 1090 715 1189 qood
741 1112 804 1165 nos
827 1089 875 1163 ad
901 1088 1122 1163 imitationem
1145 1091 1356 1164 serenissimi
1383 1090 1515 1165 domini
1542 1089 1760 1187 imperatoris
1779 1090 1887 1187 patris
1901 1092 2030 1183 nostri,
2173 1166 2178 1177 ,

619 1214 753 1290 dilectis
771 1208 938 1289 fideiihns'
951 1214 1076 1287 nostris
1092 1212 1210 1288 abbati
1235 1223 1271 1288 et
1297 1213 1484 1287 conventui
1509 1211 1556 1287 de
1581 1211 1761 1287 Crnrelino
1779 1212 2033 1288 inconstantia

617 1340 680 1435 qni
697 1346 829 1435 partem
845 1335 1016 1411 dederunt
1032 1336 1181 1431 pecunie
1194 1346 1236 1408 nt
1257 1358 1279 1410 a
1296 1336 1474 1430 Gnittingo
1487 1334 1534 1409 dc
1551 1336 1710 1433 Raderap
1729 1334 1981 1411 redimerentur
1995 1338 2031 1409 in

617 1471 768 1536 nostram
780 1461 896 1535 denno
903 1467 1118 1556 potestatem,
1133 1456 1204 1533 fido
1216 1458 1298 1533 data
1311 1459 1582 1557 promisimnsut
1594 1482 1786 1557 numquam
1794 1461 2028 1553 bonaeorum,

617 1584 779 1659 videlicet
793 1585 893 1657 villas
908 1583 1034 1657 Hirslat
1044 1591 1080 1656 et
1096 1582 1323 1679 Horgunneile
1337 1593 1374 1656 et
1386 1582 1455 1657 alia
1472 1583 1565 1655 bona
1575 1582 1730 1679 predicte
1747 1584 1940 1658 acclesiein
1955 1584 2032 1681 ipso

618 1707 768 1782 confinio
785 1707 976 1799 attinentia,
997 1705 1171 1802 possimus
1191 1706 1250 1779 vel
1269 1704 1459 1779 debeamus
1477 1705 1577 1779 titulo
1599 1706 1837 1799 vendicionis,
1864 1706 2032 1782 intenda-

618 1832 743 1923 eionis‚
772 1830 997 1926 obligacionis
1012 1850 1074 1903 sen
1087 1829 1284 1903 collacionis
1306 1829 1445 1926 abipso
1462 1830 1611 1903 clanstro
1626 1830 1794 1924 alienare,
1813 1832 1871 1903 vel
1884 1830 2032 1923 alicujus

617 1956 747 2051 ingenii
762 1956 923 2051 scrupulo
942 1954 1068 2027 dictam
1082 1952 1300 2028 advocatiam
1311 1954 1445 2050 absque
1455 1975 1627 2029 consensu
1638 1954 1775 2029 abbatis
1790 1964 1825 2028 et
1841 1964 2033 2029 conventus

618 2101 640 2153 a
657 2088 775 2153 nostro
789 2078 943 2153 dominio
961 2078 1018 2151 vol
1035 2076 1222 2151 demnnnio
1236 2088 1466 2174 sequestrare.
1483 2078 1691 2153 Mandemus
1712 2078 1819 2173 igitur
1835 2088 1870 2152 et
1887 2078 1954 2151 snb
1975 2080 2030 2150 in·

618 2202 864 2276 terminacione
882 2202 992 2297 gratie
1009 2214 1124 2275 nostre
1144 2200 1299 2276 districte
1315 2202 1545 2299 precipimus,
1574 2212 1614 2275 nt
1629 2204 1747 2275 nulius
1769 2202 1816 2275 sit
1829 2204 1891 2296 qni
1911 2214 2030 2277 contra

619 2323 815 2421 predictum
830 2325 1040 2423 promissum
1060 2333 1215 2397 nostrum
1229 2326 1351 2401 venire
1365 2326 1495 2401 audeat
1507 2348 1570 2400 sen
1586 2325 1674 2399 illud
1688 2348 1751 2423 per
1766 2326 1910 2421 aliquod
1925 2328 2031 2423 inge-

618 2448 716 2521 nium
734 2448 914 2523 snllocare.
931 2448 1099 2522 Volumus
1115 2448 1219 2523 etiam
1235 2458 1288 2541 nt,
1308 2449 1339 2522 si
1356 2450 1472 2523 forsan
1487 2450 1693 2525 inmemores
1708 2448 1790 2524 date
1810 2449 1894 2525 fidei
1914 2463 2030 2526 contra

618 2574 826 2670 promissum
844 2582 999 2646 nostrum
1014 2572 1197 2647 veniemus
1211 2574 1330 2669 atiquo
1342 2574 1592 2671 persuadente,
1620 2574 1687 2648 hoc
1703 2574 1800 2671 quod
1818 2575 1864 2650 de
1877 2576 2032 2671 predicta

617 2696 801 2772 advocatia
816 2697 998 2771 fecerimus
1015 2696 1148 2769 nullum
1159 2699 1266 2771 robur
1280 2698 1435 2771 obtineat
1448 2696 1631 2772 firmitatis.
1650 2698 1706 2773 Ad
1721 2702 1820 2793 cujus
1830 2700 1933 2772 etiarn
1946 2720 2031 2797 pro-

619 2820 715 2893 missi
733 2820 839 2893 nostri
854 2818 1225 2915 certamevidentiam,
1251 2843 1396 2918 presens
1418 2822 1643 2919 privilegium
1666 2824 1837 2899 conscribi
1856 2834 1892 2897 et
1916 2824 2030 2919 sigilio

618 2954 734 3019 nostro
748 2945 916 3039 jussimus
934 2944 1101 3040 insigniri.

665 3070 782 3143 Testes
809 3069 860 3142 hii
889 3076 996 3141 snnt:
1015 3068 1052 3142 C.
1084 3068 1201 3142 Sancti
1226 3067 1313 3144 Galli
1335 3070 1542 3145 venerabilis
1570 3070 1699 3164 abbas,
1724 3071 1767 3143 Η.
1802 3070 1956 3145 marchio
1985 3070 2030 3146 de

617 3194 753 3288 Baden,
779 3194 822 3265 Η.
841 3192 994 3266 marchio
1014 3192 1059 3266 de
1080 3194 1271 3289 Burgowe,
1300 3192 1337 3267 G.
1364 3192 1575 3291 burgravius
1599 3196 1646 3269 de
1670 3194 1889 3289 Nurenberc,
1916 3218 2031 3271 comes

617 3320 659 3391 tt.
690 3318 735 3391 de
764 3317 980 3409 Aichilbere,
1006 3315 1167 3390 Albertns
1200 3316 1246 3391 de
1279 3318 1486 3413 Rossewao,
1514 3320 1696 3394 Heinricns
1723 3318 1957 3394 marschalcus
1985 3320 2031 3396 de

616 3438 870 3538 Bapponheim,
897 3439 939 3511 E.
963 3438 1096 3536 dapifer
1120 3439 1165 3513 de
1186 3438 1367 3537 Walpnre,
1397 3443 1436 3516 C.
1460 3443 1626 3540 pincerna
1642 3442 1955 3537 deWinterstetin,
1983 3446 2028 3517 Η.

618 3576 653 3639 et
665 3565 703 3636 F.
726 3562 902 3637 camerarii
917 3561 962 3636 de
974 3564 1210 3661 Ravenspnrc,
1227 3564 1410 3640 Dietherns
1425 3564 1471 3640 de
1483 3566 1590 3662 Egra,
1610 3566 1684 3641 Ulr.
1701 3567 1746 3642 de
1762 3566 1847 3641 lere
1860 3564 2027 3663 hostiarii,

618 3688 726 3762 etalii
744 3689 978 3783 quamplures.

665 3812 790 3883 Actum
807 3809 903 3907 apud
925 3810 1146 3906 Ezzelingen,
1175 3832 1274 3885 anno·
1296 3810 1469 3887 dominice
1493 3813 1739 3889 incarnationis
1762 3812 2025 3907 MCCXXXiF‘,

617 3936 762 4033 septimo
778 3933 944 4009 kalendas
958 3937 1170 4030 novembris,
1191 3936 1381 4013 indictione
1395 3938 1466 4012 vt.

497 4554 512 4586 η
668 4494 873 4607 Henrious,
894 4497 1155 4582 Romanorum
1177 4524 1264 4608 ren,
1285 4500 1336 4584 ad
1362 4501 1677 4613 supplicationem
1704 4502 1854 4587 abbatis
1871 4501 1920 4585 de
1945 4500 2026 4585 Be-

462 4610 568 4697 udsilt.
615 4625 855 4732 benhausen,
876 4628 977 4713 bona
999 4657 1098 4741 qnae
1119 4632 1223 4715 idem
1240 4636 1515 4719 monasterinm
1528 4636 1568 4718 in
1587 4634 1787 4747 Esslingen
1803 4634 1906 4747 juste
1926 4660 2026 4743 pos-

614 4758 738 4867 sidet,
772 4758 821 4842 ob
838 4762 942 4844 omni
961 4764 1052 4847 data
1070 4774 1107 4849 et
1124 4766 1318 4850 exactione
1337 4767 1482 4851 eximit.

693 4946 789 5026 (Edit.
807 4965 856 5027 op.
871 4950 1011 5029 Bssonn,
1026 4952 1145 5017 oxum
1163 4952 1279 5017 radicis.
1295 4960 1418 5020 monas.
1440 4955 1602 5036 armat,
1617 4964 1641 5021 t.
1657 4960 1683 5034 I,
1697 4975 1729 5037 p.
1748 4956 1835 5038 tot.)
