<?xml version="1.0" encoding="UTF-8"?>
<!DOCTYPE html PUBLIC "-//W3C//DTD XHTML 1.0 Transitional//EN"
    "http://www.w3.org/TR/xhtml1/DTD/xhtml1-transitional.dtd">
<html xmlns="http://www.w3.org/1999/xhtml" xml:lang="en" lang="en">
 <head>
  <title>
</title>
<meta http-equiv="Content-Type" content="text/html;charset=utf-8" />
  <meta name='ocr-system' content='tesseract 3.04.00' />
  <meta name='ocr-capabilities' content='ocr_page ocr_carea ocr_par ocr_line ocrx_word'/>
</head>
<body>
  <div class='ocr_page' id='page_1' title='image "./historiadiploma05fredgoog_0133.png"; bbox 0 0 4859 6359; ppageno 0'>
   <div class='ocr_carea' id='block_1_1' title="bbox 405 769 1816 1147">
    <p class='ocr_par' dir='ltr' id='par_1_1' title="bbox 405 769 1816 1147">
     <span class='ocr_line' id='line_1_1' title="bbox 405 769 1816 854; baseline 0.004 -22"><span class='ocrx_word' id='word_1_1' title='bbox 405 775 504 834; x_wconf 67' lang='lat' dir='ltr'><strong>rme.</strong></span> <span class='ocrx_word' id='word_1_2' title='bbox 523 769 563 854; x_wconf 78' lang='lat' dir='ltr'><strong>n]</strong></span> <span class='ocrx_word' id='word_1_3' title='bbox 851 775 1049 836; x_wconf 82' lang='lat' dir='ltr'><strong>merome</strong></span> <span class='ocrx_word' id='word_1_4' title='bbox 1072 773 1367 840; x_wconf 79' lang='lat' dir='ltr'><strong>nrrnonrrrcu.</strong></span> <span class='ocrx_word' id='word_1_5' title='bbox 1755 775 1816 837; x_wconf 72' lang='lat' dir='ltr'><strong>ers</strong></span> 
     </span>
     <span class='ocr_line' id='line_1_2' title="bbox 405 903 1814 1018; baseline 0.003 -32"><span class='ocrx_word' id='word_1_6' title='bbox 405 903 587 988; x_wconf 84' lang='lat' dir='ltr'><strong>nisteriali</strong></span> <span class='ocrx_word' id='word_1_7' title='bbox 600 903 718 1014; x_wconf 82' lang='lat' dir='ltr'><strong>justis</strong></span> <span class='ocrx_word' id='word_1_8' title='bbox 733 906 859 990; x_wconf 90' lang='lat' dir='ltr'><strong>modis</strong></span> <span class='ocrx_word' id='word_1_9' title='bbox 875 907 1130 1014; x_wconf 74' lang='lat' dir='ltr'>obtinuerint,</span> <span class='ocrx_word' id='word_1_10' title='bbox 1153 906 1228 988; x_wconf 90' lang='lat' dir='ltr'><strong>hoo</strong></span> <span class='ocrx_word' id='word_1_11' title='bbox 1252 905 1413 989; x_wconf 78' lang='lat' dir='ltr'>libenter</span> <span class='ocrx_word' id='word_1_12' title='bbox 1439 933 1516 992; x_wconf 92' lang='lat' dir='ltr'><strong>nou</strong></span> <span class='ocrx_word' id='word_1_13' title='bbox 1535 907 1718 1018; x_wconf 83' lang='lat' dir='ltr'><strong>requisito</strong></span> <span class='ocrx_word' id='word_1_14' title='bbox 1746 934 1814 990; x_wconf 88' lang='lat' dir='ltr'><strong>us-</strong></span> 
     </span>
     <span class='ocr_line' id='line_1_3' title="bbox 405 1037 821 1147; baseline 0.002 -27"><span class='ocrx_word' id='word_1_15' title='bbox 405 1061 519 1121; x_wconf 90' lang='lat' dir='ltr'><strong>sensu</strong></span> <span class='ocrx_word' id='word_1_16' title='bbox 537 1063 608 1120; x_wconf 92' lang='lat' dir='ltr'><strong>suo</strong></span> <span class='ocrx_word' id='word_1_17' title='bbox 625 1037 821 1147; x_wconf 72' lang='lat' dir='ltr'><strong>recipiant,</strong></span> 
     </span>
    </p>
   </div>
   <div class='ocr_carea' id='block_1_2' title="bbox 484 1251 1813 1440">
    <p class='ocr_par' dir='ltr' id='par_1_2' title="bbox 484 1251 1813 1440">
     <span class='ocr_line' id='line_1_4' title="bbox 484 1251 1813 1336; baseline 0.001 -21"><span class='ocrx_word' id='word_1_18' title='bbox 484 1253 578 1328; x_wconf 76' lang='lat' dir='ltr'><strong>(Edit.</strong></span> <span class='ocrx_word' id='word_1_19' title='bbox 593 1271 642 1332; x_wconf 87' lang='lat' dir='ltr'><strong>up.</strong></span> <span class='ocrx_word' id='word_1_20' title='bbox 657 1253 854 1316; x_wconf 81' lang='lat' dir='ltr'><strong>Scuorrroru</strong></span> <span class='ocrx_word' id='word_1_21' title='bbox 867 1262 898 1318; x_wconf 86' lang='lat' dir='ltr'>et</span> <span class='ocrx_word' id='word_1_22' title='bbox 916 1258 1062 1328; x_wconf 70' lang='lat' dir='ltr'><strong>husus,</strong></span> <span class='ocrx_word' id='word_1_23' title='bbox 1074 1251 1286 1336; x_wconf 63' lang='lat' dir='ltr'><strong>bistonum,</strong></span> <span class='ocrx_word' id='word_1_24' title='bbox 1301 1253 1427 1331; x_wconf 83' lang='lat' dir='ltr'><strong>t.11,p.</strong></span> <span class='ocrx_word' id='word_1_25' title='bbox 1448 1261 1522 1332; x_wconf 82' lang='lat'>181;</span> <span class='ocrx_word' id='word_1_26' title='bbox 1537 1255 1604 1316; x_wconf 85' lang='lat' dir='ltr'><strong>ooli.</strong></span> <span class='ocrx_word' id='word_1_27' title='bbox 1624 1271 1692 1316; x_wconf 87' lang='lat' dir='ltr'><strong>euru</strong></span> <span class='ocrx_word' id='word_1_28' title='bbox 1715 1257 1813 1334; x_wconf 85' lang='lat' dir='ltr'><strong>orlgl-</strong></span> 
     </span>
     <span class='ocr_line' id='line_1_5' title="bbox 523 1360 1092 1440; baseline 0.002 -19"><span class='ocrx_word' id='word_1_29' title='bbox 523 1360 584 1420; x_wconf 86' lang='lat' dir='ltr'><strong>nall</strong></span> <span class='ocrx_word' id='word_1_30' title='bbox 596 1362 629 1422; x_wconf 86' lang='lat' dir='ltr'><strong>ln</strong></span> <span class='ocrx_word' id='word_1_31' title='bbox 642 1361 762 1422; x_wconf 84' lang='lat' dir='ltr'><strong>urehlvo</strong></span> <span class='ocrx_word' id='word_1_32' title='bbox 774 1362 944 1440; x_wconf 87' lang='lat' dir='ltr'><strong>Dresdensl,</strong></span> <span class='ocrx_word' id='word_1_33' title='bbox 958 1373 993 1424; x_wconf 85' lang='lat' dir='ltr'><strong>n⁰</strong></span> <span class='ocrx_word' id='word_1_34' title='bbox 1008 1365 1092 1437; x_wconf 77' lang='lat'><strong>82⁰.)</strong></span> 
     </span>
    </p>
   </div>
   <div class='ocr_carea' id='block_1_3' title="bbox 396 1543 1814 4995">
    <p class='ocr_par' dir='ltr' id='par_1_3' title="bbox 396 1543 1814 4995">
     <span class='ocr_line' id='line_1_6' title="bbox 454 1543 1811 1640; baseline 0.003 -24"><span class='ocrx_word' id='word_1_35' title='bbox 454 1545 493 1616; x_wconf 93' lang='lat' dir='ltr'><strong>ln</strong></span> <span class='ocrx_word' id='word_1_36' title='bbox 506 1545 647 1619; x_wconf 89' lang='lat' dir='ltr'><strong>nomine</strong></span> <span class='ocrx_word' id='word_1_37' title='bbox 661 1556 780 1619; x_wconf 85' lang='lat' dir='ltr'><strong>sanote</strong></span> <span class='ocrx_word' id='word_1_38' title='bbox 792 1555 827 1620; x_wconf 90' lang='lat' dir='ltr'>et</span> <span class='ocrx_word' id='word_1_39' title='bbox 841 1547 1024 1621; x_wconf 84' lang='lat' dir='ltr'><strong>individue</strong></span> <span class='ocrx_word' id='word_1_40' title='bbox 1031 1546 1217 1619; x_wconf 71' lang='lat' dir='ltr'><strong>minitaris.</strong></span> <span class='ocrx_word' id='word_1_41' title='bbox 1233 1543 1415 1618; x_wconf 84' lang='lat' dir='ltr'><strong>Heinrious</strong></span> <span class='ocrx_word' id='word_1_42' title='bbox 1425 1545 1604 1640; x_wconf 87' lang='lat' dir='ltr'><strong>septimus,</strong></span> <span class='ocrx_word' id='word_1_43' title='bbox 1621 1543 1742 1618; x_wconf 79' lang='lat' dir='ltr'><strong>divina</strong></span> <span class='ocrx_word' id='word_1_44' title='bbox 1760 1547 1811 1620; x_wconf 86' lang='lat' dir='ltr'><strong>la·</strong></span> 
     </span>
     <span class='ocr_line' id='line_1_7' title="bbox 408 1667 1812 1766; baseline 0.002 -26"><span class='ocrx_word' id='word_1_45' title='bbox 408 1683 510 1741; x_wconf 87' lang='lat' dir='ltr'>vente</span> <span class='ocrx_word' id='word_1_46' title='bbox 521 1671 703 1744; x_wconf 87' lang='lat' dir='ltr'><strong>clementia</strong></span> <span class='ocrx_word' id='word_1_47' title='bbox 712 1671 942 1746; x_wconf 82' lang='lat' dir='ltr'><strong>Romanorum</strong></span> <span class='ocrx_word' id='word_1_48' title='bbox 956 1693 1020 1745; x_wconf 83' lang='lat' dir='ltr'>rex</span> <span class='ocrx_word' id='word_1_49' title='bbox 1041 1680 1077 1744; x_wconf 93' lang='lat' dir='ltr'>et</span> <span class='ocrx_word' id='word_1_50' title='bbox 1091 1691 1228 1766; x_wconf 92' lang='lat' dir='ltr'><strong>semper</strong></span> <span class='ocrx_word' id='word_1_51' title='bbox 1244 1679 1424 1764; x_wconf 80' lang='lat' dir='ltr'><strong>augustus.</strong></span> <span class='ocrx_word' id='word_1_52' title='bbox 1444 1667 1500 1742; x_wconf 80' lang='lat' dir='ltr'><strong>Ad</strong></span> <span class='ocrx_word' id='word_1_53' title='bbox 1517 1669 1584 1760; x_wconf 85' lang='lat' dir='ltr'><strong>hoe</strong></span> <span class='ocrx_word' id='word_1_54' title='bbox 1602 1669 1721 1742; x_wconf 86' lang='lat' dir='ltr'><strong>diviua</strong></span> <span class='ocrx_word' id='word_1_55' title='bbox 1740 1671 1812 1744; x_wconf 93' lang='lat' dir='ltr'><strong>dis·</strong></span> 
     </span>
     <span class='ocr_line' id='line_1_8' title="bbox 406 1791 1813 1891; baseline 0.003 -26"><span class='ocrx_word' id='word_1_56' title='bbox 406 1802 553 1888; x_wconf 91' lang='lat' dir='ltr'><strong>ponente</strong></span> <span class='ocrx_word' id='word_1_57' title='bbox 566 1794 840 1889; x_wconf 84' lang='lat' dir='ltr'><strong>providentiuad</strong></span> <span class='ocrx_word' id='word_1_58' title='bbox 854 1798 952 1891; x_wconf 75' lang='lat' dir='ltr'><strong>regni</strong></span> <span class='ocrx_word' id='word_1_59' title='bbox 964 1796 1199 1891; x_wconf 71' lang='lat' dir='ltr'><strong>gubernacula</strong></span> <span class='ocrx_word' id='word_1_60' title='bbox 1211 1815 1276 1867; x_wconf 89' lang='lat' dir='ltr'><strong>nos</strong></span> <span class='ocrx_word' id='word_1_61' title='bbox 1286 1791 1462 1867; x_wconf 87' lang='lat' dir='ltr'><strong>oredimus</strong></span> <span class='ocrx_word' id='word_1_62' title='bbox 1474 1793 1674 1866; x_wconf 83' lang='lat' dir='ltr'><strong>sublimatos</strong></span> <span class='ocrx_word' id='word_1_63' title='bbox 1687 1801 1726 1866; x_wconf 91' lang='lat' dir='ltr'><strong>ut</strong></span> <span class='ocrx_word' id='word_1_64' title='bbox 1737 1794 1813 1870; x_wconf 85' lang='lat' dir='ltr'><strong>locu</strong></span> 
     </span>
     <span class='ocr_line' id='line_1_9' title="bbox 405 1917 1811 2014; baseline 0.001 -25"><span class='ocrx_word' id='word_1_65' title='bbox 405 1917 525 1989; x_wconf 86' lang='lat' dir='ltr'><strong>divino</strong></span> <span class='ocrx_word' id='word_1_66' title='bbox 541 1918 650 1990; x_wconf 87' lang='lat' dir='ltr'><strong>eultoi</strong></span> <span class='ocrx_word' id='word_1_67' title='bbox 666 1919 862 2014; x_wconf 76' lang='lat' dir='ltr'><strong>mancipata</strong></span> <span class='ocrx_word' id='word_1_68' title='bbox 873 1929 1055 1993; x_wconf 79' lang='lat' dir='ltr'><strong>teneamur</strong></span> <span class='ocrx_word' id='word_1_69' title='bbox 1069 1919 1275 1992; x_wconf 87' lang='lat' dir='ltr'><strong>liberalitate</strong></span> <span class='ocrx_word' id='word_1_70' title='bbox 1285 1917 1380 2008; x_wconf 75' lang='lat' dir='ltr'><strong>regio</strong></span> <span class='ocrx_word' id='word_1_71' title='bbox 1395 1937 1598 2013; x_wconf 81' lang='lat' dir='ltr'><strong>promovere</strong></span> <span class='ocrx_word' id='word_1_72' title='bbox 1615 1939 1811 1991; x_wconf 84' lang='lat' dir='ltr'><strong>servorum-</strong></span> 
     </span>
     <span class='ocr_line' id='line_1_10' title="bbox 405 2042 1811 2139; baseline 0.001 -25"><span class='ocrx_word' id='word_1_73' title='bbox 405 2063 474 2134; x_wconf 88' lang='lat' dir='ltr'><strong>que</strong></span> <span class='ocrx_word' id='word_1_74' title='bbox 491 2044 554 2114; x_wconf 85' lang='lat' dir='ltr'><strong>Ilei</strong></span> <span class='ocrx_word' id='word_1_75' title='bbox 575 2043 779 2115; x_wconf 75' lang='lat' dir='ltr'><strong>utilitatibus</strong></span> <span class='ocrx_word' id='word_1_76' title='bbox 798 2043 835 2114; x_wconf 91' lang='lat' dir='ltr'><strong>in</strong></span> <span class='ocrx_word' id='word_1_77' title='bbox 855 2043 1110 2117; x_wconf 79' lang='lat' dir='ltr'><strong>confirmatione</strong></span> <span class='ocrx_word' id='word_1_78' title='bbox 1126 2042 1386 2139; x_wconf 79' lang='lat' dir='ltr'><strong>privilegiorum</strong></span> <span class='ocrx_word' id='word_1_79' title='bbox 1410 2051 1603 2114; x_wconf 91' lang='lat' dir='ltr'><strong>nostrorum</strong></span> <span class='ocrx_word' id='word_1_80' title='bbox 1624 2063 1757 2115; x_wconf 82' lang='lat' dir='ltr'>necnon</span> <span class='ocrx_word' id='word_1_81' title='bbox 1775 2043 1811 2114; x_wconf 93' lang='lat' dir='ltr'><strong>in</strong></span> 
     </span>
     <span class='ocr_line' id='line_1_11' title="bbox 405 2165 1812 2260; baseline 0.002 -24"><span class='ocrx_word' id='word_1_82' title='bbox 405 2165 482 2238; x_wconf 84' lang='lat' dir='ltr'><strong>aliis</strong></span> <span class='ocrx_word' id='word_1_83' title='bbox 494 2166 741 2260; x_wconf 87' lang='lat' dir='ltr'><strong>temporalibus</strong></span> <span class='ocrx_word' id='word_1_84' title='bbox 755 2166 922 2240; x_wconf 89' lang='lat' dir='ltr'><strong>subsidiis</strong></span> <span class='ocrx_word' id='word_1_85' title='bbox 947 2167 1146 2240; x_wconf 86' lang='lat' dir='ltr'><strong>subvenire.</strong></span> <span class='ocrx_word' id='word_1_86' title='bbox 1176 2165 1318 2239; x_wconf 86' lang='lat' dir='ltr'><strong>Noverit</strong></span> <span class='ocrx_word' id='word_1_87' title='bbox 1345 2165 1451 2257; x_wconf 80' lang='lat' dir='ltr'><strong>igitur</strong></span> <span class='ocrx_word' id='word_1_88' title='bbox 1480 2173 1550 2236; x_wconf 89' lang='lat' dir='ltr'><strong>tam</strong></span> <span class='ocrx_word' id='word_1_89' title='bbox 1574 2185 1714 2260; x_wconf 77' lang='lat' dir='ltr'>presens</span> <span class='ocrx_word' id='word_1_90' title='bbox 1739 2176 1812 2239; x_wconf 88' lang='lat' dir='ltr'><strong>etas</strong></span> 
     </span>
     <span class='ocr_line' id='line_1_12' title="bbox 404 2289 1812 2388; baseline 0 -25"><span class='ocrx_word' id='word_1_91' title='bbox 404 2312 508 2384; x_wconf 88' lang='lat' dir='ltr'><strong>quam</strong></span> <span class='ocrx_word' id='word_1_92' title='bbox 524 2313 728 2366; x_wconf 75' lang='lat' dir='ltr'><strong>successura</strong></span> <span class='ocrx_word' id='word_1_93' title='bbox 742 2293 923 2388; x_wconf 77' lang='lat' dir='ltr'><strong>posteritas</strong></span> <span class='ocrx_word' id='word_1_94' title='bbox 939 2292 1036 2386; x_wconf 88' lang='lat' dir='ltr'><strong>quod</strong></span> <span class='ocrx_word' id='word_1_95' title='bbox 1047 2313 1125 2384; x_wconf 87' lang='lat' dir='ltr'><strong>nos,</strong></span> <span class='ocrx_word' id='word_1_96' title='bbox 1143 2292 1189 2365; x_wconf 94' lang='lat' dir='ltr'><strong>ob</strong></span> <span class='ocrx_word' id='word_1_97' title='bbox 1204 2289 1432 2364; x_wconf 88' lang='lat' dir='ltr'><strong>reverentiam</strong></span> <span class='ocrx_word' id='word_1_98' title='bbox 1445 2289 1645 2362; x_wconf 85' lang='lat' dir='ltr'><strong>intemerate</strong></span> <span class='ocrx_word' id='word_1_99' title='bbox 1660 2289 1812 2384; x_wconf 82' lang='lat' dir='ltr'><strong>Virginis</strong></span> 
     </span>
     <span class='ocr_line' id='line_1_13' title="bbox 404 2412 1812 2512; baseline 0.003 -28"><span class='ocrx_word' id='word_1_100' title='bbox 404 2415 466 2488; x_wconf 84' lang='lat' dir='ltr'><strong>Dei</strong></span> <span class='ocrx_word' id='word_1_101' title='bbox 478 2415 654 2508; x_wconf 78' lang='lat' dir='ltr'><strong>genitricis</strong></span> <span class='ocrx_word' id='word_1_102' title='bbox 665 2417 790 2509; x_wconf 87' lang='lat' dir='ltr'><strong>Murie,</strong></span> <span class='ocrx_word' id='word_1_103' title='bbox 807 2417 963 2512; x_wconf 88' lang='lat' dir='ltr'><strong>petitioni</strong></span> <span class='ocrx_word' id='word_1_104' title='bbox 976 2417 1112 2490; x_wconf 89' lang='lat' dir='ltr'><strong>abbatis</strong></span> <span class='ocrx_word' id='word_1_105' title='bbox 1125 2425 1160 2489; x_wconf 91' lang='lat' dir='ltr'>et</span> <span class='ocrx_word' id='word_1_106' title='bbox 1176 2417 1320 2488; x_wconf 76' lang='lat' dir='ltr'><strong>fratrum</strong></span> <span class='ocrx_word' id='word_1_107' title='bbox 1334 2414 1379 2486; x_wconf 94' lang='lat' dir='ltr'><strong>de</strong></span> <span class='ocrx_word' id='word_1_108' title='bbox 1391 2413 1486 2486; x_wconf 81' lang='lat' dir='ltr'><strong>buch</strong></span> <span class='ocrx_word' id='word_1_109' title='bbox 1506 2412 1738 2487; x_wconf 78' lang='lat' dir='ltr'><strong>cisterciensis</strong></span> <span class='ocrx_word' id='word_1_110' title='bbox 1752 2437 1812 2488; x_wconf 93' lang='lat' dir='ltr'><strong>or-</strong></span> 
     </span>
     <span class='ocr_line' id='line_1_14' title="bbox 406 2538 1812 2636; baseline 0.001 -24"><span class='ocrx_word' id='word_1_111' title='bbox 406 2539 496 2612; x_wconf 90' lang='lat' dir='ltr'><strong>dinis</strong></span> <span class='ocrx_word' id='word_1_112' title='bbox 515 2540 560 2612; x_wconf 92' lang='lat' dir='ltr'><strong>de</strong></span> <span class='ocrx_word' id='word_1_113' title='bbox 571 2540 788 2636; x_wconf 85' lang='lat' dir='ltr'><strong>providentia</strong></span> <span class='ocrx_word' id='word_1_114' title='bbox 807 2541 940 2614; x_wconf 87' lang='lat' dir='ltr'><strong>eonsilii</strong></span> <span class='ocrx_word' id='word_1_115' title='bbox 955 2541 1062 2614; x_wconf 90' lang='lat' dir='ltr'><strong>nostri</strong></span> <span class='ocrx_word' id='word_1_116' title='bbox 1079 2540 1274 2614; x_wconf 81' lang='lat' dir='ltr'><strong>satisfacere</strong></span> <span class='ocrx_word' id='word_1_117' title='bbox 1291 2539 1487 2633; x_wconf 82' lang='lat' dir='ltr'><strong>cupientes,</strong></span> <span class='ocrx_word' id='word_1_118' title='bbox 1508 2538 1623 2633; x_wconf 92' lang='lat' dir='ltr'><strong>ipsum</strong></span> <span class='ocrx_word' id='word_1_119' title='bbox 1642 2549 1812 2614; x_wconf 85' lang='lat' dir='ltr'><strong>monaste·</strong></span> 
     </span>
     <span class='ocr_line' id='line_1_15' title="bbox 405 2659 1811 2759; baseline 0.001 -27"><span class='ocrx_word' id='word_1_120' title='bbox 405 2663 494 2732; x_wconf 90' lang='lat' dir='ltr'><strong>rium</strong></span> <span class='ocrx_word' id='word_1_121' title='bbox 508 2685 588 2734; x_wconf 87' lang='lat' dir='ltr'><strong>uum</strong></span> <span class='ocrx_word' id='word_1_122' title='bbox 606 2663 976 2737; x_wconf 90' lang='lat' dir='ltr'><strong>omnibusbominibus</strong></span> <span class='ocrx_word' id='word_1_123' title='bbox 987 2673 1022 2736; x_wconf 94' lang='lat' dir='ltr'>et</span> <span class='ocrx_word' id='word_1_124' title='bbox 1033 2661 1310 2759; x_wconf 87' lang='lat' dir='ltr'><strong>possessionibus</strong></span> <span class='ocrx_word' id='word_1_125' title='bbox 1327 2660 1399 2732; x_wconf 89' lang='lat' dir='ltr'><strong>sois</strong></span> <span class='ocrx_word' id='word_1_126' title='bbox 1412 2682 1501 2754; x_wconf 91' lang='lat' dir='ltr'><strong>quas</strong></span> <span class='ocrx_word' id='word_1_127' title='bbox 1515 2659 1811 2756; x_wconf 90' lang='lat' dir='ltr'><strong>inpresentiarum</strong></span> 
     </span>
     <span class='ocr_line' id='line_1_16' title="bbox 404 2774 1812 2881; baseline 0 -23"><span class='ocrx_word' id='word_1_128' title='bbox 404 2787 568 2858; x_wconf 74' lang='lat' dir='ltr'><strong>mnonioe</strong></span> <span class='ocrx_word' id='word_1_129' title='bbox 581 2786 733 2881; x_wconf 88' lang='lat' dir='ltr'><strong>possidet</strong></span> <span class='ocrx_word' id='word_1_130' title='bbox 745 2797 780 2860; x_wconf 92' lang='lat' dir='ltr'>et</span> <span class='ocrx_word' id='word_1_131' title='bbox 792 2787 829 2858; x_wconf 94' lang='lat' dir='ltr'><strong>in</strong></span> <span class='ocrx_word' id='word_1_132' title='bbox 846 2789 1000 2859; x_wconf 83' lang='lat' dir='ltr'><strong>futurum</strong></span> <span class='ocrx_word' id='word_1_133' title='bbox 1009 2787 1111 2880; x_wconf 86' lang='lat' dir='ltr'><strong>justis</strong></span> <span class='ocrx_word' id='word_1_134' title='bbox 1126 2774 1241 2859; x_wconf 90' lang='lat' dir='ltr'><strong>modis</strong></span> <span class='ocrx_word' id='word_1_135' title='bbox 1257 2785 1382 2881; x_wconf 85' lang='lat' dir='ltr'><strong>poterit</strong></span> <span class='ocrx_word' id='word_1_136' title='bbox 1399 2783 1562 2879; x_wconf 84' lang='lat' dir='ltr'><strong>adipisci,</strong></span> <span class='ocrx_word' id='word_1_137' title='bbox 1580 2783 1648 2856; x_wconf 93' lang='lat' dir='ltr'><strong>sub</strong></span> <span class='ocrx_word' id='word_1_138' title='bbox 1660 2793 1812 2858; x_wconf 87' lang='lat' dir='ltr'><strong>nostram</strong></span> 
     </span>
     <span class='ocr_line' id='line_1_17' title="bbox 403 2908 1812 3008; baseline 0 -26"><span class='ocrx_word' id='word_1_139' title='bbox 403 2910 580 3006; x_wconf 90' lang='lat' dir='ltr'><strong>etimperii</strong></span> <span class='ocrx_word' id='word_1_140' title='bbox 589 2912 837 3007; x_wconf 87' lang='lat' dir='ltr'><strong>protectionem</strong></span> <span class='ocrx_word' id='word_1_141' title='bbox 844 2913 1052 3008; x_wconf 80' lang='lat' dir='ltr'><strong>suscipimus</strong></span> <span class='ocrx_word' id='word_1_142' title='bbox 1063 2935 1105 2986; x_wconf 89' lang='lat' dir='ltr'><strong>ac</strong></span> <span class='ocrx_word' id='word_1_143' title='bbox 1116 2911 1344 3008; x_wconf 83' lang='lat' dir='ltr'><strong>patrocinium</strong></span> <span class='ocrx_word' id='word_1_144' title='bbox 1352 2909 1514 3004; x_wconf 84' lang='lat' dir='ltr'><strong>speciale,</strong></span> <span class='ocrx_word' id='word_1_145' title='bbox 1525 2908 1618 2980; x_wconf 86' lang='lat' dir='ltr'><strong>dieta</strong></span> <span class='ocrx_word' id='word_1_146' title='bbox 1630 2909 1721 2982; x_wconf 83' lang='lat' dir='ltr'><strong>bona</strong></span> <span class='ocrx_word' id='word_1_147' title='bbox 1733 2931 1812 2982; x_wconf 88' lang='lat' dir='ltr'><strong>eum</strong></span> 
     </span>
     <span class='ocr_line' id='line_1_18' title="bbox 402 3032 1814 3132; baseline 0.001 -26"><span class='ocrx_word' id='word_1_148' title='bbox 402 3036 476 3107; x_wconf 89' lang='lat' dir='ltr'><strong>suis</strong></span> <span class='ocrx_word' id='word_1_149' title='bbox 491 3036 705 3130; x_wconf 91' lang='lat' dir='ltr'><strong>pertinentiis</strong></span> <span class='ocrx_word' id='word_1_150' title='bbox 714 3036 828 3110; x_wconf 90' lang='lat' dir='ltr'><strong>eidem</strong></span> <span class='ocrx_word' id='word_1_151' title='bbox 839 3039 1039 3110; x_wconf 80' lang='lat' dir='ltr'><strong>auctoritate</strong></span> <span class='ocrx_word' id='word_1_152' title='bbox 1056 3038 1153 3132; x_wconf 77' lang='lat' dir='ltr'><strong>regia</strong></span> <span class='ocrx_word' id='word_1_153' title='bbox 1168 3034 1421 3110; x_wconf 84' lang='lat' dir='ltr'><strong>eonfirmantes.</strong></span> <span class='ocrx_word' id='word_1_154' title='bbox 1436 3032 1491 3104; x_wconf 87' lang='lat' dir='ltr'><strong>Ad</strong></span> <span class='ocrx_word' id='word_1_155' title='bbox 1509 3033 1573 3104; x_wconf 87' lang='lat' dir='ltr'><strong>heo</strong></span> <span class='ocrx_word' id='word_1_156' title='bbox 1583 3054 1647 3128; x_wconf 90' lang='lat' dir='ltr'><strong>pro</strong></span> <span class='ocrx_word' id='word_1_157' title='bbox 1660 3035 1814 3108; x_wconf 90' lang='lat' dir='ltr'><strong>remedio</strong></span> 
     </span>
     <span class='ocr_line' id='line_1_19' title="bbox 403 3155 1814 3251; baseline 0 -21"><span class='ocrx_word' id='word_1_158' title='bbox 403 3161 518 3233; x_wconf 88' lang='lat' dir='ltr'><strong>anime</strong></span> <span class='ocrx_word' id='word_1_159' title='bbox 537 3170 652 3233; x_wconf 91' lang='lat' dir='ltr'><strong>nostre</strong></span> <span class='ocrx_word' id='word_1_160' title='bbox 672 3183 714 3234; x_wconf 86' lang='lat' dir='ltr'><strong>ac</strong></span> <span class='ocrx_word' id='word_1_161' title='bbox 734 3182 973 3234; x_wconf 84' lang='lat' dir='ltr'><strong>suceessorum</strong></span> <span class='ocrx_word' id='word_1_162' title='bbox 989 3171 1185 3236; x_wconf 85' lang='lat' dir='ltr'><strong>nostrorum</strong></span> <span class='ocrx_word' id='word_1_163' title='bbox 1199 3159 1289 3234; x_wconf 88' lang='lat' dir='ltr'><strong>hane</strong></span> <span class='ocrx_word' id='word_1_164' title='bbox 1307 3157 1357 3230; x_wconf 91' lang='lat' dir='ltr'><strong>eis</strong></span> <span class='ocrx_word' id='word_1_165' title='bbox 1375 3155 1519 3251; x_wconf 75' lang='lat' dir='ltr'><strong>gratiam</strong></span> <span class='ocrx_word' id='word_1_166' title='bbox 1545 3156 1690 3230; x_wconf 83' lang='lat' dir='ltr'><strong>lacinus</strong></span> <span class='ocrx_word' id='word_1_167' title='bbox 1709 3166 1744 3230; x_wconf 87' lang='lat' dir='ltr'>et</span> <span class='ocrx_word' id='word_1_168' title='bbox 1771 3159 1814 3230; x_wconf 91' lang='lat' dir='ltr'><strong>li·</strong></span> 
     </span>
     <span class='ocr_line' id='line_1_20' title="bbox 403 3281 1809 3381; baseline -0.002 -24"><span class='ocrx_word' id='word_1_169' title='bbox 403 3285 549 3357; x_wconf 88' lang='lat' dir='ltr'><strong>eentiam</strong></span> <span class='ocrx_word' id='word_1_170' title='bbox 565 3284 787 3379; x_wconf 78' lang='lat' dir='ltr'><strong>indulgemus</strong></span> <span class='ocrx_word' id='word_1_171' title='bbox 805 3294 845 3357; x_wconf 88' lang='lat' dir='ltr'><strong>ut</strong></span> <span class='ocrx_word' id='word_1_172' title='bbox 857 3303 1095 3380; x_wconf 81' lang='lat' dir='ltr'><strong>quascumque</strong></span> <span class='ocrx_word' id='word_1_173' title='bbox 1111 3283 1346 3381; x_wconf 90' lang='lat' dir='ltr'><strong>possessiones</strong></span> <span class='ocrx_word' id='word_1_174' title='bbox 1361 3281 1397 3354; x_wconf 92' lang='lat' dir='ltr'><strong>in</strong></span> <span class='ocrx_word' id='word_1_175' title='bbox 1410 3281 1520 3374; x_wconf 64' lang='lat' dir='ltr'><strong>aprio,</strong></span> <span class='ocrx_word' id='word_1_176' title='bbox 1542 3281 1670 3374; x_wconf 90' lang='lat' dir='ltr'><strong>vineis,</strong></span> <span class='ocrx_word' id='word_1_177' title='bbox 1689 3282 1809 3376; x_wconf 86' lang='lat' dir='ltr'><strong>pratis,</strong></span> 
     </span>
     <span class='ocr_line' id='line_1_21' title="bbox 402 3406 1812 3504; baseline -0.001 -23"><span class='ocrx_word' id='word_1_178' title='bbox 402 3408 502 3481; x_wconf 85' lang='lat' dir='ltr'><strong>terris</strong></span> <span class='ocrx_word' id='word_1_179' title='bbox 518 3411 618 3481; x_wconf 86' lang='lat' dir='ltr'><strong>cultis</strong></span> <span class='ocrx_word' id='word_1_180' title='bbox 635 3430 698 3482; x_wconf 93' lang='lat' dir='ltr'><strong>seu</strong></span> <span class='ocrx_word' id='word_1_181' title='bbox 716 3409 872 3499; x_wconf 84' lang='lat' dir='ltr'><strong>incultis,</strong></span> <span class='ocrx_word' id='word_1_182' title='bbox 887 3410 1043 3504; x_wconf 74' lang='lat' dir='ltr'><strong>pascuis,</strong></span> <span class='ocrx_word' id='word_1_183' title='bbox 1063 3408 1280 3500; x_wconf 84' lang='lat' dir='ltr'><strong>nemoribus,</strong></span> <span class='ocrx_word' id='word_1_184' title='bbox 1306 3406 1406 3500; x_wconf 87' lang='lat' dir='ltr'><strong>aquis</strong></span> <span class='ocrx_word' id='word_1_185' title='bbox 1431 3427 1670 3500; x_wconf 89' lang='lat' dir='ltr'><strong>aquarumque</strong></span> <span class='ocrx_word' id='word_1_186' title='bbox 1689 3406 1812 3480; x_wconf 84' lang='lat' dir='ltr'><strong>deeur·</strong></span> 
     </span>
     <span class='ocr_line' id='line_1_22' title="bbox 402 3530 1809 3628; baseline -0.001 -23"><span class='ocrx_word' id='word_1_187' title='bbox 402 3532 499 3605; x_wconf 92' lang='lat' dir='ltr'><strong>sibus</strong></span> <span class='ocrx_word' id='word_1_188' title='bbox 515 3554 537 3604; x_wconf 88' lang='lat' dir='ltr'><strong>a</strong></span> <span class='ocrx_word' id='word_1_189' title='bbox 554 3554 775 3628; x_wconf 83' lang='lat' dir='ltr'><strong>quacumque</strong></span> <span class='ocrx_word' id='word_1_190' title='bbox 792 3553 938 3628; x_wconf 89' lang='lat' dir='ltr'><strong>persona</strong></span> <span class='ocrx_word' id='word_1_191' title='bbox 956 3535 1064 3606; x_wconf 88' lang='lat' dir='ltr'><strong>libera</strong></span> <span class='ocrx_word' id='word_1_192' title='bbox 1089 3533 1165 3605; x_wconf 85' lang='lat' dir='ltr'><strong>sive</strong></span> <span class='ocrx_word' id='word_1_193' title='bbox 1186 3530 1420 3621; x_wconf 87' lang='lat' dir='ltr'><strong>ministeriali,</strong></span> <span class='ocrx_word' id='word_1_194' title='bbox 1442 3539 1557 3602; x_wconf 86' lang='lat' dir='ltr'><strong>nostra</strong></span> <span class='ocrx_word' id='word_1_195' title='bbox 1578 3530 1634 3601; x_wconf 90' lang='lat' dir='ltr'><strong>vel</strong></span> <span class='ocrx_word' id='word_1_196' title='bbox 1653 3530 1809 3626; x_wconf 87' lang='lat' dir='ltr'><strong>imperii,</strong></span> 
     </span>
     <span class='ocr_line' id='line_1_23' title="bbox 400 3655 1813 3753; baseline 0.001 -26"><span class='ocrx_word' id='word_1_197' title='bbox 400 3657 500 3729; x_wconf 91' lang='lat' dir='ltr'><strong>titulo</strong></span> <span class='ocrx_word' id='word_1_198' title='bbox 517 3656 728 3748; x_wconf 88' lang='lat' dir='ltr'><strong>donationis,</strong></span> <span class='ocrx_word' id='word_1_199' title='bbox 760 3659 944 3753; x_wconf 90' lang='lat' dir='ltr'><strong>emptionis</strong></span> <span class='ocrx_word' id='word_1_200' title='bbox 968 3681 1032 3731; x_wconf 92' lang='lat' dir='ltr'><strong>seu</strong></span> <span class='ocrx_word' id='word_1_201' title='bbox 1050 3657 1240 3731; x_wconf 83' lang='lat' dir='ltr'><strong>eonoumbii</strong></span> <span class='ocrx_word' id='word_1_202' title='bbox 1259 3663 1486 3729; x_wconf 87' lang='lat' dir='ltr'><strong>memoratum</strong></span> <span class='ocrx_word' id='word_1_203' title='bbox 1506 3655 1748 3727; x_wconf 85' lang='lat' dir='ltr'><strong>monasterium</strong></span> <span class='ocrx_word' id='word_1_204' title='bbox 1768 3655 1813 3729; x_wconf 91' lang='lat' dir='ltr'><strong>de</strong></span> 
     </span>
     <span class='ocr_line' id='line_1_24' title="bbox 402 3777 1811 3876; baseline -0.003 -24"><span class='ocrx_word' id='word_1_205' title='bbox 402 3780 504 3852; x_wconf 91' lang='lat' dir='ltr'><strong>bonis</strong></span> <span class='ocrx_word' id='word_1_206' title='bbox 518 3779 653 3875; x_wconf 89' lang='lat' dir='ltr'><strong>imperii</strong></span> <span class='ocrx_word' id='word_1_207' title='bbox 665 3780 741 3854; x_wconf 86' lang='lat' dir='ltr'><strong>sive</strong></span> <span class='ocrx_word' id='word_1_208' title='bbox 759 3780 805 3854; x_wconf 90' lang='lat' dir='ltr'><strong>de</strong></span> <span class='ocrx_word' id='word_1_209' title='bbox 817 3782 1084 3876; x_wconf 85' lang='lat' dir='ltr'><strong>proprietatibus</strong></span> <span class='ocrx_word' id='word_1_210' title='bbox 1098 3781 1350 3854; x_wconf 82' lang='lat' dir='ltr'><strong>infeodeturum</strong></span> <span class='ocrx_word' id='word_1_211' title='bbox 1374 3779 1431 3850; x_wconf 89' lang='lat' dir='ltr'><strong>vel</strong></span> <span class='ocrx_word' id='word_1_212' title='bbox 1450 3777 1724 3850; x_wconf 87' lang='lat' dir='ltr'><strong>ministerialium</strong></span> <span class='ocrx_word' id='word_1_213' title='bbox 1746 3777 1811 3848; x_wconf 80' lang='lat' dir='ltr'><strong>im-</strong></span> 
     </span>
     <span class='ocr_line' id='line_1_25' title="bbox 400 3901 1809 3998; baseline -0.002 -22"><span class='ocrx_word' id='word_1_214' title='bbox 400 3905 488 3998; x_wconf 89' lang='lat' dir='ltr'><strong>perii</strong></span> <span class='ocrx_word' id='word_1_215' title='bbox 518 3903 705 3976; x_wconf 90' lang='lat' dir='ltr'><strong>obtinuerit</strong></span> <span class='ocrx_word' id='word_1_216' title='bbox 730 3905 832 3997; x_wconf 87' lang='lat' dir='ltr'><strong>justis</strong></span> <span class='ocrx_word' id='word_1_217' title='bbox 859 3906 990 3995; x_wconf 88' lang='lat' dir='ltr'><strong>modis,</strong></span> <span class='ocrx_word' id='word_1_218' title='bbox 1011 3927 1081 3978; x_wconf 93' lang='lat' dir='ltr'><strong>non</strong></span> <span class='ocrx_word' id='word_1_219' title='bbox 1098 3905 1263 3998; x_wconf 87' lang='lat' dir='ltr'><strong>requisitu</strong></span> <span class='ocrx_word' id='word_1_220' title='bbox 1284 3923 1390 3998; x_wconf 91' lang='lat' dir='ltr'><strong>super</strong></span> <span class='ocrx_word' id='word_1_221' title='bbox 1415 3901 1482 3974; x_wconf 89' lang='lat' dir='ltr'><strong>huo</strong></span> <span class='ocrx_word' id='word_1_222' title='bbox 1505 3901 1643 3996; x_wconf 80' lang='lat' dir='ltr'><strong>speciali</strong></span> <span class='ocrx_word' id='word_1_223' title='bbox 1667 3923 1809 3974; x_wconf 89' lang='lat' dir='ltr'><strong>assensu</strong></span> 
     </span>
     <span class='ocr_line' id='line_1_26' title="bbox 400 4026 1810 4125; baseline -0.001 -27"><span class='ocrx_word' id='word_1_224' title='bbox 400 4037 518 4100; x_wconf 87' lang='lat' dir='ltr'><strong>nostru</strong></span> <span class='ocrx_word' id='word_1_225' title='bbox 536 4036 572 4100; x_wconf 90' lang='lat' dir='ltr'>et</span> <span class='ocrx_word' id='word_1_226' title='bbox 582 4028 730 4123; x_wconf 89' lang='lat' dir='ltr'><strong>imperii,</strong></span> <span class='ocrx_word' id='word_1_227' title='bbox 748 4027 890 4102; x_wconf 86' lang='lat' dir='ltr'>lieenter</span> <span class='ocrx_word' id='word_1_228' title='bbox 904 4029 1050 4125; x_wconf 77' lang='lat' dir='ltr'><strong>recipiat</strong></span> <span class='ocrx_word' id='word_1_229' title='bbox 1065 4038 1100 4102; x_wconf 90' lang='lat' dir='ltr'>et</span> <span class='ocrx_word' id='word_1_230' title='bbox 1116 4027 1163 4102; x_wconf 93' lang='lat' dir='ltr'><strong>de</strong></span> <span class='ocrx_word' id='word_1_231' title='bbox 1176 4028 1361 4122; x_wconf 81' lang='lat' dir='ltr'><strong>mejestatis</strong></span> <span class='ocrx_word' id='word_1_232' title='bbox 1376 4035 1491 4099; x_wconf 89' lang='lat' dir='ltr'><strong>nostre</strong></span> <span class='ocrx_word' id='word_1_233' title='bbox 1513 4027 1623 4119; x_wconf 80' lang='lat' dir='ltr'><strong>gratia</strong></span> <span class='ocrx_word' id='word_1_234' title='bbox 1641 4026 1677 4096; x_wconf 95' lang='lat' dir='ltr'><strong>iu</strong></span> <span class='ocrx_word' id='word_1_235' title='bbox 1691 4047 1810 4121; x_wconf 91' lang='lat' dir='ltr'><strong>perpe-</strong></span> 
     </span>
     <span class='ocr_line' id='line_1_27' title="bbox 399 4149 1809 4248; baseline 0 -26"><span class='ocrx_word' id='word_1_236' title='bbox 399 4163 498 4224; x_wconf 89' lang='lat' dir='ltr'><strong>tuum</strong></span> <span class='ocrx_word' id='word_1_237' title='bbox 518 4151 650 4246; x_wconf 85' lang='lat' dir='ltr'><strong>absque</strong></span> <span class='ocrx_word' id='word_1_238' title='bbox 670 4153 939 4226; x_wconf 87' lang='lat' dir='ltr'><strong>oontrudietione</strong></span> <span class='ocrx_word' id='word_1_239' title='bbox 961 4153 1117 4248; x_wconf 85' lang='lat' dir='ltr'><strong>qualibet</strong></span> <span class='ocrx_word' id='word_1_240' title='bbox 1139 4153 1257 4247; x_wconf 88' lang='lat' dir='ltr'><strong>quiete</strong></span> <span class='ocrx_word' id='word_1_241' title='bbox 1278 4149 1430 4224; x_wconf 87' lang='lat' dir='ltr'><strong>obtineat</strong></span> <span class='ocrx_word' id='word_1_242' title='bbox 1455 4159 1490 4223; x_wconf 90' lang='lat' dir='ltr'>et</span> <span class='ocrx_word' id='word_1_243' title='bbox 1512 4149 1687 4245; x_wconf 89' lang='lat' dir='ltr'><strong>possideat</strong></span> <span class='ocrx_word' id='word_1_244' title='bbox 1708 4150 1809 4244; x_wconf 91' lang='lat' dir='ltr'><strong>pleno</strong></span> 
     </span>
     <span class='ocr_line' id='line_1_28' title="bbox 396 4274 1809 4373; baseline -0.002 -24"><span class='ocrx_word' id='word_1_245' title='bbox 396 4280 487 4369; x_wconf 88' lang='lat' dir='ltr'><strong>jure.</strong></span> <span class='ocrx_word' id='word_1_246' title='bbox 509 4277 700 4348; x_wconf 83' lang='lat' dir='ltr'><strong>statuimus</strong></span> <span class='ocrx_word' id='word_1_247' title='bbox 717 4279 834 4373; x_wconf 88' lang='lat' dir='ltr'><strong>itaque</strong></span> <span class='ocrx_word' id='word_1_248' title='bbox 852 4281 919 4351; x_wconf 90' lang='lat' dir='ltr'><strong>sub</strong></span> <span class='ocrx_word' id='word_1_249' title='bbox 935 4279 1211 4352; x_wconf 85' lang='lat' dir='ltr'><strong>interminatione</strong></span> <span class='ocrx_word' id='word_1_250' title='bbox 1237 4277 1347 4373; x_wconf 84' lang='lat' dir='ltr'><strong>gratie</strong></span> <span class='ocrx_word' id='word_1_251' title='bbox 1372 4284 1487 4349; x_wconf 88' lang='lat' dir='ltr'><strong>nostre</strong></span> <span class='ocrx_word' id='word_1_252' title='bbox 1513 4274 1708 4346; x_wconf 85' lang='lat' dir='ltr'><strong>firmissime</strong></span> <span class='ocrx_word' id='word_1_253' title='bbox 1726 4295 1809 4368; x_wconf 92' lang='lat' dir='ltr'>pre-</span> 
     </span>
     <span class='ocr_line' id='line_1_29' title="bbox 399 4398 1808 4499; baseline -0.001 -27"><span class='ocrx_word' id='word_1_254' title='bbox 399 4401 566 4494; x_wconf 85' lang='lat' dir='ltr'><strong>cipientes</strong></span> <span class='ocrx_word' id='word_1_255' title='bbox 581 4403 731 4475; x_wconf 87' lang='lat' dir='ltr'><strong>utnulla</strong></span> <span class='ocrx_word' id='word_1_256' title='bbox 747 4423 901 4497; x_wconf 83' lang='lat' dir='ltr'><strong>unquam</strong></span> <span class='ocrx_word' id='word_1_257' title='bbox 917 4425 1062 4499; x_wconf 88' lang='lat' dir='ltr'><strong>persona</strong></span> <span class='ocrx_word' id='word_1_258' title='bbox 1077 4403 1219 4475; x_wconf 91' lang='lat' dir='ltr'><strong>humilis</strong></span> <span class='ocrx_word' id='word_1_259' title='bbox 1233 4404 1291 4475; x_wconf 87' lang='lat' dir='ltr'><strong>vel</strong></span> <span class='ocrx_word' id='word_1_260' title='bbox 1305 4403 1386 4493; x_wconf 86' lang='lat' dir='ltr'><strong>alta,</strong></span> <span class='ocrx_word' id='word_1_261' title='bbox 1397 4399 1625 4475; x_wconf 83' lang='lat' dir='ltr'><strong>eeclesiastioe</strong></span> <span class='ocrx_word' id='word_1_262' title='bbox 1637 4398 1693 4470; x_wconf 88' lang='lat' dir='ltr'><strong>vel</strong></span> <span class='ocrx_word' id='word_1_263' title='bbox 1706 4419 1808 4470; x_wconf 90' lang='lat' dir='ltr'><strong>mun·</strong></span> 
     </span>
     <span class='ocr_line' id='line_1_30' title="bbox 399 4521 1808 4622; baseline -0.002 -25"><span class='ocrx_word' id='word_1_264' title='bbox 399 4522 505 4616; x_wconf 83' lang='lat' dir='ltr'><strong>dana,</strong></span> <span class='ocrx_word' id='word_1_265' title='bbox 514 4525 605 4598; x_wconf 86' lang='lat' dir='ltr'><strong>hano</strong></span> <span class='ocrx_word' id='word_1_266' title='bbox 616 4526 807 4600; x_wconf 86' lang='lat' dir='ltr'><strong>libertatem</strong></span> <span class='ocrx_word' id='word_1_267' title='bbox 821 4527 996 4622; x_wconf 83' lang='lat' dir='ltr'><strong>sepedicto</strong></span> <span class='ocrx_word' id='word_1_268' title='bbox 1008 4527 1213 4600; x_wconf 87' lang='lat' dir='ltr'><strong>monasterio</strong></span> <span class='ocrx_word' id='word_1_269' title='bbox 1228 4527 1397 4600; x_wconf 88' lang='lat' dir='ltr'><strong>indultam</strong></span> <span class='ocrx_word' id='word_1_270' title='bbox 1411 4524 1599 4614; x_wconf 79' lang='lat' dir='ltr'><strong>intringere</strong></span> <span class='ocrx_word' id='word_1_271' title='bbox 1611 4521 1738 4595; x_wconf 87' lang='lat' dir='ltr'><strong>audeat</strong></span> <span class='ocrx_word' id='word_1_272' title='bbox 1748 4532 1808 4595; x_wconf 88' lang='lat' dir='ltr'><strong>aut</strong></span> 
     </span>
     <span class='ocr_line' id='line_1_31' title="bbox 400 4648 1807 4747; baseline -0.001 -26"><span class='ocrx_word' id='word_1_273' title='bbox 400 4649 432 4721; x_wconf 93' lang='lat' dir='ltr'><strong>ei</strong></span> <span class='ocrx_word' id='word_1_274' title='bbox 445 4650 592 4742; x_wconf 86' lang='lat' dir='ltr'><strong>alicujus</strong></span> <span class='ocrx_word' id='word_1_275' title='bbox 608 4651 739 4745; x_wconf 79' lang='lat' dir='ltr'><strong>ingenii</strong></span> <span class='ocrx_word' id='word_1_276' title='bbox 760 4653 922 4747; x_wconf 83' lang='lat' dir='ltr'><strong>scrupulo</strong></span> <span class='ocrx_word' id='word_1_277' title='bbox 939 4654 1118 4727; x_wconf 89' lang='lat' dir='ltr'><strong>oontraire.</strong></span> <span class='ocrx_word' id='word_1_278' title='bbox 1137 4652 1240 4738; x_wconf 87' lang='lat' dir='ltr'><strong>Quod</strong></span> <span class='ocrx_word' id='word_1_279' title='bbox 1258 4653 1318 4746; x_wconf 92' lang='lat' dir='ltr'><strong>qui</strong></span> <span class='ocrx_word' id='word_1_280' title='bbox 1335 4653 1446 4723; x_wconf 85' lang='lat' dir='ltr'><strong>lacere</strong></span> <span class='ocrx_word' id='word_1_281' title='bbox 1462 4648 1726 4745; x_wconf 90' lang='lat' dir='ltr'><strong>presumpserit,</strong></span> <span class='ocrx_word' id='word_1_282' title='bbox 1753 4648 1807 4720; x_wconf 92' lang='lat' dir='ltr'><strong>in·</strong></span> 
     </span>
     <span class='ocr_line' id='line_1_32' title="bbox 399 4771 1805 4871; baseline 0.001 -29"><span class='ocrx_word' id='word_1_283' title='bbox 399 4771 634 4866; x_wconf 77' lang='lat' dir='ltr'><strong>dignationem</strong></span> <span class='ocrx_word' id='word_1_284' title='bbox 653 4775 820 4850; x_wconf 90' lang='lat' dir='ltr'><strong>tremendi</strong></span> <span class='ocrx_word' id='word_1_285' title='bbox 831 4775 960 4868; x_wconf 82' lang='lat' dir='ltr'><strong>judicis</strong></span> <span class='ocrx_word' id='word_1_286' title='bbox 973 4786 1157 4871; x_wconf 89' lang='lat' dir='ltr'><strong>nostreque</strong></span> <span class='ocrx_word' id='word_1_287' title='bbox 1167 4775 1381 4849; x_wconf 87' lang='lat' dir='ltr'><strong>eelsitudinis</strong></span> <span class='ocrx_word' id='word_1_288' title='bbox 1390 4773 1627 4868; x_wconf 81' lang='lat' dir='ltr'><strong>gravissimam</strong></span> <span class='ocrx_word' id='word_1_289' title='bbox 1642 4772 1805 4846; x_wconf 81' lang='lat' dir='ltr'><strong>offensam</strong></span> 
     </span>
     <span class='ocr_line' id='line_1_33' title="bbox 399 4897 1806 4995; baseline 0 -26"><span class='ocrx_word' id='word_1_290' title='bbox 399 4917 438 4969; x_wconf 90' lang='lat' dir='ltr'><strong>se</strong></span> <span class='ocrx_word' id='word_1_291' title='bbox 451 4897 587 4970; x_wconf 86' lang='lat' dir='ltr'><strong>noverit</strong></span> <span class='ocrx_word' id='word_1_292' title='bbox 600 4897 832 4973; x_wconf 87' lang='lat' dir='ltr'><strong>ineursmum.</strong></span> <span class='ocrx_word' id='word_1_293' title='bbox 854 4900 911 4975; x_wconf 79' lang='lat' dir='ltr'><strong>Ad</strong></span> <span class='ocrx_word' id='word_1_294' title='bbox 926 4904 1025 4995; x_wconf 88' lang='lat' dir='ltr'><strong>eujus</strong></span> <span class='ocrx_word' id='word_1_295' title='bbox 1042 4902 1147 4975; x_wconf 87' lang='lat' dir='ltr'><strong>etiam</strong></span> <span class='ocrx_word' id='word_1_296' title='bbox 1164 4901 1243 4975; x_wconf 86' lang='lat' dir='ltr'><strong>laeti</strong></span> <span class='ocrx_word' id='word_1_297' title='bbox 1259 4899 1363 4973; x_wconf 88' lang='lat' dir='ltr'><strong>nostri</strong></span> <span class='ocrx_word' id='word_1_298' title='bbox 1382 4899 1487 4972; x_wconf 91' lang='lat' dir='ltr'><strong>robur</strong></span> <span class='ocrx_word' id='word_1_299' title='bbox 1500 4897 1536 4970; x_wconf 91' lang='lat' dir='ltr'><strong>in</strong></span> <span class='ocrx_word' id='word_1_300' title='bbox 1553 4907 1724 4993; x_wconf 88' lang='lat' dir='ltr'><strong>posterum</strong></span> <span class='ocrx_word' id='word_1_301' title='bbox 1745 4919 1806 4969; x_wconf 88' lang='lat' dir='ltr'><strong>va·</strong></span> 
     </span>
    </p>
   </div>
   <div class='ocr_carea' id='block_1_4' title="bbox 0 0 2434 6359">
    <p class='ocr_par' dir='ltr' id='par_1_4' title="bbox 0 0 2434 6359">
     <span class='ocr_line' id='line_1_34' title="bbox 0 0 2434 6359; baseline 0 0"><span class='ocrx_word' id='word_1_302' title='bbox 0 0 2434 6359; x_wconf 95' lang='lat' dir='ltr'><strong> </strong></span> 
     </span>
    </p>
   </div>
  </div>
 </body>
</html>
