4859 6359
393 831 493 890 lantcr.
504 825 552 909 1.]
845 820 1041 882 HISTORIA
1067 815 1359 880 DIPLOHATIGA.
1743 811 1804 872 653

395 960 512 1054 quieta
539 968 576 1033 et
609 955 755 1054 pacitica
787 953 988 1051 possideant
1020 952 1254 1048 possessione;
1286 951 1542 1024 mandanteset
1570 947 1801 1042 pergratiam

394 1093 548 1155 nostram
579 1080 774 1153 firmissime
801 1079 1029 1174 precipientes
1053 1075 1104 1174 (c)
1125 1086 1166 1149 ut
1188 1077 1285 1149 nulla
1313 1075 1453 1148 omnino
1477 1091 1621 1170 persona
1654 1071 1722 1142 alta
1746 1069 1802 1142 vel

394 1204 535 1276 humilis
550 1204 665 1298 ipsum
682 1213 717 1276 et
732 1203 912 1276 ecclesiam
928 1223 1028 1276 suam
1047 1211 1082 1275 et
1097 1221 1313 1274 successores
1329 1220 1411 1272 suos
1428 1199 1465 1270 in
1485 1196 1650 1294 prelibata
1668 1215 1802 1290 posses·

393 1327 491 1400 mone
513 1337 549 1400 et
573 1327 790 1400 restitutione
817 1326 885 1420 ipsi
914 1325 1112 1418 adjudicata
1137 1323 1267 1398 audeat
1291 1323 1490 1418 perturbare
1514 1321 1571 1394 vel
1595 1319 1799 1413 inquietare.

394 1450 496 1537 Quod
516 1451 579 1545 qui
595 1449 715 1524 fecerit
729 1472 751 1524 a
766 1449 876 1541 &aaa
890 1449 935 1520 sit
953 1449 1129 1522 exclusus.

441 1576 560 1647 Testes
579 1583 661 1646 sunt
674 1573 711 1644 bi
731 1599 740 1643 ε
757 1573 794 1644 S.
814 1572 1024 1644 venerabilis
1040 1571 1265 1664 bioguntinus
1279 1569 1573 1664 archiepiscopus,
1590 1567 1632 1638 Η.
1651 1565 1803 1639 marchio

394 1696 440 1770 de
458 1695 588 1787 Badin,
699 1694 776 1768 dux
794 1694 840 1767 de
854 1693 981 1785 Taoke,
1000 1695 1041 1765 B.
1063 1694 1140 1767 dux
1156 1693 1283 1790 Spoleti
1302 1693 1368 1790 (t),
1385 1694 1426 1766 Ε.
1451 1713 1564 1764 comes
1584 1689 1628 1763 de
1648 1690 1799 1780 Friburc,

478 1841 594 1894 eomes
616 1819 663 1894 de
686 1819 917 1908 lewinstain‚
937 1819 980 1890 Η.
1005 1817 1051 1892 de
1071 1818 1176 1890 Nitiin
1195 1827 1231 1892 et
1251 1818 1322 1892 duo
1338 1817 1399 1890 tilii
1413 1819 1488 1910 ejus
1502 1817 1544 1888 H.
1564 1824 1599 1888 et
1613 1813 1801 1906 turfridus,

396 1943 435 2016 C.
456 1942 502 2016 de
519 1945 657 2032 Darna,
677 1943 736 2014 W.
757 1943 925 2038 pincerna
951 1939 998 2013 de
1019 1942 1197 2037 limpurc,
1226 1939 1263 2012 C.
1291 1941 1454 2036 pincerna
1479 1939 1526 2014 de
1549 1936 1801 2026 Winterstetin,

394 2066 607 2143 Ludewicus
621 2067 667 2140 de
691 2067 857 2158 Schiffha,
875 2067 914 2138 C.
933 2065 978 2140 de
989 2067 1188 2164 Winsperc,
1207 2065 1313 2140 etalii
1326 2064 1559 2160 quamplures.

443 2189 569 2262 Actum
583 2191 679 2286 apud
692 2190 905 2286 Winpinam,
925 2211 1018 2263 anno
1030 2190 1170 2263 Domini
1188 2189 1368 2262 millesimo
1386 2186 1619 2260 ducentesimo
1634 2183 1804 2256 tricesimo

395 2324 531 2407 quarto,
548 2314 592 2385 vt
605 2313 686 2385 idus
702 2313 797 2402 maii,
814 2313 1002 2387 indictione
1014 2313 1086 2385 vil.

446 2867 653 2976 Henricus,
682 2867 941 2950 Romanorum
972 2895 1062 2976 rex,
1092 2867 1347 2980 burgensibus
1373 2877 1410 2950 et
1440 2869 1625 2951 universis
1652 2896 1800 2955 consu-

392 2999 495 3082 libus
512 3010 550 3082 et
568 2999 714 3083 civibus
733 2999 929 3083 Goslariae
951 3001 1109 3083 mandat
1126 3010 1169 3084 ut
1194 3001 1468 3083 monasterium
1490 3002 1538 3084 de
1555 3001 1800 3088 Walkenried

392 3132 564 3216 immune
594 3139 868 3216 manuteneant
894 3158 918 3214 a
943 3132 1129 3216 theloneis
1159 3143 1196 3214 et
1216 3133 1476 3216 exactionibus
1507 3160 1605 3243 quae
1636 3135 1685 3218 ab
1706 3136 1799 3246 ipsis

392 3261 553 3372 imperio
574 3263 777 3373 debentur,
798 3265 892 3348 dum
911 3265 1045 3346 eadem
1066 3264 1224 3348 ecclesia
1249 3291 1317 3376 per
1333 3265 1574 3376 privilegium
1596 3269 1715 3377 patris
1741 3269 1800 3352 sui

393 3406 432 3483 et
449 3423 563 3480 suum
580 3398 686 3481 omni
704 3398 855 3482 servitio
872 3398 994 3481 libera
1010 3424 1092 3482 esse
1109 3398 1266 3502 debeat..

436 3585 482 3665 (a)
501 3586 559 3664 Ap.
574 3585 726 3648 &bannui
734 3587 940 3666 pramiomrus,
955 3587 1054 3646 minus
1065 3591 1154 3648 recte.

429 3861 469 3936 (t)
485 3863 631 3936 Postquam
642 3861 797 3937 Raynaldus
809 3861 864 3918 dux
875 3860 975 3935 Spoleti
989 3860 1196 3934 indignationem
1207 3861 1376 3934 imperaturis
1387 3861 1541 3930 incurrerit,
1555 3861 1711 3921 berthuldus
1721 3863 1802 3920 irater

392 3958 452 4031 mm
461 3959 489 4015 in
502 3959 714 4017 htroducumse
725 3959 827 4033 recapit
840 3958 905 4032 (rid.
924 3973 1022 4031 snpra,
1033 3964 1055 4015 t
1068 3959 1120 4027 111,
1132 3975 1161 4031 p.
1175 3961 1228 4018 tta
1238 4001 1245 4030 ,
1255 3963 1311 4016 not.
1323 3957 1359 4031 t),
1375 3959 1423 4016 ubi
1442 3973 1527 4031 usque
1541 3959 1575 4016 ad
1589 3974 1652 4018 ann.
1666 3963 1735 4020 ⁴23³
1749 3961 1798 4018 ob·

391 4069 484 4112 sessus
497 4055 637 4112 remansit.
648 4057 730 4130 cnjm
742 4055 903 4112 uedimnem
913 4054 956 4114 bis
964 4054 1055 4112 uerbis
1068 4054 1214 4114 dircardus
1225 4055 1260 4111 de
1273 4056 1372 4112 Sancta
1384 4054 1518 4114 Germano
1532 4063 1657 4114 anamat:
1671 4077 1684 4110 u
1696 4056 1800 4130 [dense

392 4150 481 4226 apnir]
493 4153 638 4211 Ruinaidm
657 4154 744 4212 dictus
763 4153 818 4210 dux
828 4151 930 4226 Spoleti
951 4152 1075 4210 mandatu
1092 4152 1260 4226 imperatoris
1277 4153 1383 4210 ducitur
1402 4153 1473 4227 apud
1486 4153 1717 4212 Introducumaub
1735 4170 1800 4212 cus-

390 4247 465 4305 todia
478 4248 515 4305 ab
523 4249 638 4307 Hanmco
647 4249 681 4306 de
693 4251 783 4308 tuone
793 4251 919 4326 magistro
926 4249 1078 4323 justitiario,
1089 4255 1121 4305 nt
1131 4249 1203 4306 idem
1210 4251 1265 4310 dux
1275 4255 1392 4308 casuum
1406 4250 1495 4324 ipsum
1504 4251 1579 4308 reddi
1590 4251 1668 4308 iaciat
1679 4251 1799 4326 impera-

391 4343 442 4401 tori
454 4359 470 4401 a
481 4345 623 4403 Bartboim
635 4345 719 4404 iratre
727 4364 776 4406 suro
784 4347 831 4421 qui
844 4347 911 4405 illud
922 4347 1041 4405 tenebat.
1054 4345 1132 4416 Quod
1144 4347 1234 4405 iacere
1244 4347 1315 4406 idem
1324 4347 1483 4406 Bertboidns
1493 4337 1529 4405 ad
1539 4348 1717 4404 interventum
1730 4351 1799 4406 ties·

391 4443 516 4500 mnamis
538 4442 730 4518 achiepisrmi
745 4445 907 4518 repromisit.
926 4473 964 4490 -
981 4445 1148 4516 uemjmo
1161 4444 1497 4502 Bertboiduslntroducum
1515 4445 1642 4518 magistro
1654 4445 1798 4516 justitiario

391 4539 549 4612 resignavit,
563 4542 657 4614 etipse
667 4558 729 4600 cum
741 4542 810 4600 duce
822 4541 905 4600 naua
915 4557 965 4600 suo
976 4548 1144 4601 amecmatus
1154 4542 1223 4598 abiit
1233 4549 1308 4600 extra
1318 4559 1429 4616 regnum
1438 4559 1490 4616 quo
1499 4541 1589 4599 voluit.
1605 4541 1699 4610 »Quin
1708 4541 1798 4601 deisto

391 4633 535 4693 Bartholdo
552 4637 580 4692 in
599 4638 736 4712 privilemo
752 4639 859 4696 flennci
874 4640 946 4713 mgis
961 4645 1054 4713 agatur
1070 4655 1124 4696 non
1138 4639 1300 4698 dubitamus.
1316 4639 1432 4696 Titulum
1449 4638 1523 4695 ducis
1540 4637 1638 4711 Spoleti
1655 4646 1716 4712 post
1726 4639 1799 4712 Ray-

394 4730 468 4788 nsldi
478 4731 570 4790 {raum
578 4734 619 4790 sui
633 4741 748 4793 mortem
760 4736 940 4793 verisimiliter
952 4737 1065 4809 adeptam
1074 4741 1141 4792 erat.
1155 4736 1248 4793 Fuerit
1259 4751 1294 4792 ne
1307 4741 1397 4792 tamen
1410 4735 1557 4808 ingratiam
1568 4735 1733 4808 imperatoris
1742 4737 1800 4808 jam

392 4835 529 4902 receptus,
547 4845 583 4886 an
596 4831 688 4904 potins
701 4831 773 4906 apud
789 4848 882 4906 regam
896 4832 1042 4891 honorifice
1054 4838 1182 4891 tractatus
1196 4849 1231 4890 ea
1245 4833 1303 4907 ipsa
1315 4849 1396 4892 causa
1410 4834 1482 4906 quod
1493 4833 1528 4891 ab
1541 4833 1702 4904 imperatore
1718 4833 1801 4892 bosti-

394 4924 458 4983 iiter
469 4925 623 5000 hmeoetm,
635 4943 690 4986 non
705 4934 748 4986 sat
760 4929 831 4988 bena
841 4936 954 4988 camut.
