4859 6359
425 739 523 797 lenter.
538 732 581 816 Sl
874 732 1072 794 HISTORIA
1096 730 1389 793 ntrtotttrtca
1773 734 1833 795 873

426 892 515 949 curn
551 864 613 947 isti
649 865 765 946 nullis
793 861 897 973 pacis
932 865 1211 947 condit-ionibus
1248 864 1423 945 accedere
1457 862 1590 965 velint,
1619 890 1709 947 mex
1745 866 1828 948 lta-

425 1000 518 1081 liam
535 999 819 1109 ingressurum,
844 996 1035 1106 simulque
1056 996 1285 1106 objectiones
1305 1022 1424 1104 papae
1446 996 1494 1077 de
1516 997 1668 1105 negotio
1693 997 1828 1081 Terrae

427 1132 585 1215 Sanctae
602 1130 769 1213 ineundo
786 1128 936 1213 refellit.

503 1373 639 1451 (lnidnm
653 1370 747 1431 edidit
758 1370 859 1429 blare.
873 1369 982 1441 Pure,
997 1368 1072 1428 aar.
1088 1362 1303 1447 oajnaqtor,
1317 1382 1347 1442 p.
1363 1374 1431 1437 aas,
1442 1367 1480 1427 ad
1491 1382 1561 1427 ann.
1579 1376 1668 1441 tnta,
1686 1368 1737 1428 sed
1749 1386 1828 1429 erro·

543 1494 615 1552 nee,
634 1482 665 1537 et
677 1476 881 1553 angmentum
894 1474 931 1537 G.
947 1476 1064 1535 raiae.
1082 1474 1255 1547 Pnuunro,
1270 1473 1378 1533 Hister.
1394 1470 1442 1533 tot
1453 1470 1563 1549 aaut,
1579 1474 1630 1535 ΙΙΙ).
1645 1475 1683 1548 V,
1702 1492 1733 1551 p.
1755 1484 1825 1539 2²³.

544 1584 675 1645 Prlmam
687 1589 785 1643 autem
794 1580 1000 1641 tantummodo
1011 1586 1124 1657 partem
1137 1596 1231 1657 usqne
1245 1580 1284 1641 ad
1303 1580 1375 1641 baec
1389 1580 1480 1641 verba
1496 1580 1610 1641 rosolio
1624 1579 1727 1641 tribuit
1738 1580 1827 1643 intet-

545 1686 659 1764 acram,
674 1692 754 1767 prior
766 1688 880 1761 retaltt;
894 1687 974 1765 quod
987 1688 1089 1747 eodem
1101 1686 1189 1747 modo
1200 1686 1384 1747 decurtatum
1397 1702 1515 1765 quoque
1527 1688 1669 1751 habemus
1682 1692 1713 1749 ln
1728 1690 1828 1751 eodtee

544 1798 700 1857 Parisleuai
715 1801 805 1868 8567,
820 1793 872 1853 iol.
892 1802 942 1865 27,
956 1810 1026 1853 cum
1037 1793 1095 1853 boc
1111 1792 1198 1853 titulo
1213 1811 1221 1852 :
1238 1812 1255 1849 a
1270 1794 1431 1871 Imperator
1438 1811 1495 1871 per
1508 1796 1628 1854 Petrum
1641 1792 1675 1854 dc
1694 1794 1825 1858 Vincis.»

543 1930 584 1945 -
594 1900 726 1960 Alteram
743 1915 814 1959 vcro
833 1899 952 1975 majoris
973 1900 1059 1975 spatii
1080 1904 1110 1957 et
1131 1900 1273 1958 momenti
1286 1906 1397 1973 partem
1417 1916 1496 1959 nunc
1512 1902 1639 1976 primum
1657 1901 1827 1963 exhibemus

545 2022 562 2065 e
578 2005 678 2065 codiee
695 2004 830 2065 biblioth.
846 2004 976 2065 vindob.
990 2000 1109 2075 Putet,
1125 2012 1158 2063 n·
1171 2003 1280 2079 CGCV,
1295 2002 1346 2065 iol.
1366 2014 1420 2065 tet)
1438 2021 1538 2083 verso,
1557 2014 1613 2067 tta
1628 2014 1717 2067 recto.
1733 2008 1827 2083 Quem

544 2112 643 2171 minus
655 2118 785 2171 correcte
798 2112 942 2187 scriptum
954 2112 987 2169 tn
999 2126 1117 2170 sensum
1129 2110 1342 2187 intelligibilem
1353 2110 1577 2192 convertimus.)

473 2322 683 2410 Fridericns,
701 2332 784 2414 ete,
809 2326 884 2416 regi
907 2323 1066 2412 Francie,
1093 2330 1159 2395 eto.
1188 2322 1292 2393 Inviti
1317 2322 1508 2415 loquimur,
1536 2324 1598 2397 sed
1621 2332 1731 2399 tacere
1758 2351 1827 2403 non

425 2466 622 2540 possumus.
648 2448 723 2519 Jem
745 2446 838 2518 enim
861 2448 992 2519 securis
1012 2444 1060 2519 ad
1082 2444 1233 2517 radicem
1262 2444 1393 2517 arboris
1414 2444 1526 2538 posita
1549 2456 1583 2519 et
1601 2448 1737 2541 gladius
1757 2455 1828 2529 iere

426 2591 538 2663 usque
574 2570 621 2642 ad
654 2571 805 2643 animam
828 2571 997 2642 transiens
1023 2569 1115 2641 labia
1145 2567 1391 2659 dissolverunt,
1419 2570 1547 2663 jusque
1567 2570 1686 2645 datum
1709 2578 1828 2651 sceleri

426 2693 607 2765 scribimus
629 2704 663 2765 et
679 2694 846 2788 populum
865 2703 1104 2775 contumacem
1124 2691 1303 2763 dexteram
1326 2690 1511 2764 inviscera
1530 2696 1667 2788 propria
1685 2699 1828 2773 vertisse

426 2815 660 2889 condolemus.
677 2818 750 2887 turi
770 2817 939 2911 prefertur
959 2816 1084 2907 injuria
1104 2824 1139 2887 et
1163 2814 1322 2886 volentes
1342 2814 1475 2903 justitie
1500 2816 1712 2908 dominatur,
1741 2821 1827 2895 dum

425 2939 568 3033 quidam
595 2941 691 3011 ltalie
712 2940 830 3035 populi
857 2948 1029 3034 sceptrum
1047 2948 1265 3012 contemnere
1286 2946 1453 3011 conantur
1476 2939 1625 3033 imperii,
1657 2963 1699 3013 ec
1725 2944 1828 3017 etiam

425 3064 564 3159 proprie
580 3064 831 3137 commoditatis
847 3065 1082 3154 immemores,
1105 3062 1270 3133 libertatis
1284 3060 1464 3153 eujusdam
1484 3061 1535 3157 (o)
1552 3084 1642 3157 vage
1656 3066 1828 3143 luxuriam

425 3187 533 3280 quieti
550 3187 646 3283 pacis
665 3188 847 3282 imponunt
869 3197 905 3259 et
928 3185 1072 3279 equitati
1092 3185 1294 3278 justitioque
1320 3186 1544 3278 pretulerunt.
1569 3187 1639 3259 Nec
1660 3198 1773 3263 umen
1807 3214 1829 3265 a

426 3310 527 3381 nobis
541 3310 759 3383 rebellionem
775 3310 974 3403 hujusmodi
987 3310 1173 3404 sumpsisse
1187 3330 1282 3381 nunc
1293 3308 1440 3403 primum
1456 3309 1640 3383 exordium
1648 3314 1824 3406 estimatis,

426 3434 489 3507 sed
501 3435 611 3507 eritas
626 3444 661 3507 et
673 3444 833 3531 paternas
845 3433 1085 3528 prosequimur
1103 3431 1256 3523 injurias,
1268 3440 1301 3502 et
1317 3430 1517 3525 productam
1526 3436 1598 3525 jam
1615 3434 1661 3507 ad
1676 3437 1761 3509 alias
1773 3461 1829 3513 re-

426 3556 546 3651 mones
563 3559 729 3631 libertatis
746 3558 919 3633 invidiose
938 3558 1163 3653 propaginem
1183 3556 1323 3627 nitimur
1341 3558 1572 3651 supplantare.
1598 3558 1666 3631 Sed
1680 3580 1745 3633 nec
1762 3562 1827 3637 ista

426 3682 659 3755 dissimulasse
672 3682 870 3775 aliquolibet
887 3680 993 3754 modo
1011 3702 1075 3754 nos
1088 3680 1253 3753 hactenus
1268 3687 1329 3751 aut
1344 3678 1608 3752 conniventibus
1624 3681 1733 3755 oculis
1749 3705 1825 3778 per·

425 3804 587 3877 transisse
606 3805 765 3879 credatis.
780 3806 1055 3899 Quamprimum
1076 3803 1169 3875 enim
1195 3804 1232 3873 in
1256 3801 1356 3875 nobis
1378 3802 1646 3896 pubescentibus
1670 3806 1770 3877 annis
1787 3828 1829 3879 ac

425 3928 549 3998 mentis
566 3937 601 3999 et
617 3928 770 4022 corporis
793 3928 985 3999 mlesoente
1003 3927 1147 4013 virtute,
1168 3924 1215 3997 ad
1240 3926 1381 3997 Romani
1400 3926 1536 3996 culmen
1563 3924 1697 4019 imperii
1718 3938 1830 4023 preter

426 4072 522 4144 spem
539 4051 719 4123 hominum
737 4060 824 4121 nutu
842 4051 1058 4123 solummodo
1074 4050 1123 4146 (b)
1139 4049 1357 4121 Providentia
1372 4048 1491 4121 divine
1506 4050 1768 4125 conscendimus
1786 4075 1826 4127 ae

425 4193 570 4265 regnum
595 4175 727 4265 Sicilie,
747 4175 899 4269 preclara
925 4182 1077 4245 materne
1102 4170 1329 4244 successionis
1347 4170 1537 4261 hereditas,
1554 4170 1599 4245 ad
1617 4172 1696 4263 jura
1712 4183 1827 4247 nostra

424 4297 599 4390 pervenit,
620 4297 729 4369 aciem
743 4298 868 4370 mentis
887 4306 1000 4368 nostre
1007 4298 1168 4369 continno
1180 4293 1374 4367 direximus
1384 4293 1431 4366 ad
1441 4294 1606 4388 predicta.
1624 4296 1673 4381 Ae
1686 4295 1827 4369 demum

424 4418 470 4491 ad
496 4422 823 4492 consummationem
851 4419 1014 4514 propositi
1039 4418 1146 4490 nostri
1173 4416 1360 4489 miserabili
1384 4437 1465 4489 casu
1485 4418 1530 4489 de
1554 4418 1737 4491 emissione
1753 4421 1826 4494 Da·

424 4541 528 4615 miate
545 4551 628 4615 tunc
649 4544 809 4637 temporis
832 4544 1008 4615 materiam
1027 4541 1256 4630 ministrante,
1288 4562 1365 4611 curn
1393 4540 1582 4613 venerabili
1600 4552 1694 4637 patre
1711 4554 1826 4619 nostro

466 4738 507 4818 (o)
528 4740 564 4799 In
578 4743 719 4818 impresso
733 4742 872 4823 wdone,
886 4744 973 4804 mele.

466 4842 507 4923 (b)
528 4846 563 4905 In
578 4848 644 4906 eod.
659 4848 767 4910 Philol.
785 4860 855 4928 805,
870 4867 908 4910 ex
920 4848 1109 4928 dispositm

503 4950 558 5014 IV.
579 4966 635 5012 Pars
646 4970 668 5013 2
