4859 6359
378 818 477 879 lunser.
495 815 539 893 7.]
827 809 1028 873 HISTORIA
1045 803 1340 868 nlrtomaslca

594 1094 717 1107 -t-u

434 1372 641 1479 Henricus,
660 1371 920 1455 Romanorum
938 1394 1023 1471 rex,
1044 1366 1259 1475 principum
1280 1366 1445 1448 dictante
1463 1368 1669 1475 sententia,
1689 1394 1789 1477 pos-
1836 1450 1955 1493 mum

383 1508 591 1591 sessionem
609 1506 756 1617 argenti
778 1504 997 1587 fodinarum
1015 1512 1053 1584 et
1069 1501 1281 1583 fossionum
1306 1502 1495 1583 montium
1513 1528 1581 1609 per
1597 1502 1789 1613 brisgau-

383 1642 501 1748 nam,
523 1666 637 1749 super
658 1665 736 1749 qua
753 1638 852 1719 inter
870 1635 1130 1719 marchionem
1147 1635 1195 1716 de
1212 1633 1342 1716 baden
1360 1644 1398 1715 et
1414 1634 1591 1717 comitem
1603 1635 1652 1717 de
1669 1635 1792 1719 Urach

383 1774 432 1855 lis
453 1773 684 1877 vertebatur,
710 1773 760 1854 ad
782 1770 986 1853 Henrioum
1013 1769 1233 1878 episcopum
1258 1778 1296 1853 et
1324 1767 1521 1851 ecclesiam
1548 1768 1794 1853 basiliensem

385 1908 572 2017 pertinere
589 1906 770 1989 decernit.

466 2118 564 2199 (Edlt.
578 2138 627 2199 ap.
641 2120 827 2191 Taournnar,
843 2118 974 2178 Menum.
990 2114 1024 2175 de
1038 2112 1156 2177 flctcltt
1168 2113 1203 2175 dc
1216 2113 1306 2195 not,
1320 2121 1342 2177 t.
1359 2116 1387 2189 1,
1402 2133 1433 2194 p.
1448 2124 1524 2191 ⁵3⁰,
1538 2126 1572 2177 n·
1585 2126 1660 2191 356,
1673 2134 1712 2179 ex
1724 2119 1791 2181 cod.

507 2228 660 2305 diplomat.
675 2226 780 2288 aceles.
794 2225 898 2299 Basll„
913 2224 966 2285 fol.
980 2230 1019 2283 49
1034 2220 1076 2302 d.)

434 2426 473 2495 ln
490 2423 629 2496 nomine
642 2431 759 2495 sancto
774 2430 808 2495 et
825 2418 1008 2493 individue
1023 2417 1210 2492 Trinitatis.
1237 2418 1417 2491 Heimicns
1432 2417 1554 2492 diviua
1569 2421 1708 2495 favente
1725 2424 1796 2497 cle·

386 2548 591 2621 mentiarcx
607 2548 837 2619 Romanorum
851 2566 986 2641 semper
999 2553 1183 2639 augustus,
1208 2544 1379 2617 universis
1388 2544 1522 2639 imperii
1534 2543 1696 2619 fidelibus
1706 2547 1797 2623 banc

387 2668 536 2745 litteram
555 2670 759 2767 inspecturis
782 2670 926 2763 gratim
949 2691 1047 2741 suam
1068 2677 1103 2741 et
1121 2689 1225 2741 omne
1241 2670 1384 2741 bonum.
1407 2668 1549 2740 Noverit
1565 2679 1633 2741 mm
1658 2694 1797 2765 presens

387 2804 461 2867 etas
480 2816 586 2889 quam
601 2814 801 2866 successura
815 2793 996 2888 posteritas
1007 2792 1102 2889 quod
1119 2813 1198 2864 cum
1211 2789 1254 2863 lis
1270 2802 1304 2864 et
1321 2789 1495 2864 contentio
1508 2802 1697 2866 verteretur
1709 2797 1798 2870 inter

388 2921 622 2991 Hermannum
639 2918 871 2990 marchionem
886 2916 1056 2990 deBaden
1072 2924 1106 2988 et
1122 2916 1280 2989 comitem
1297 2916 1495 3009 Egenonem
1508 2916 1553 2988 de
1564 2918 1674 2989 Uracb
1692 2942 1797 3015 super

390 3042 522 3137 argenti
536 3038 663 3115 fodinis
676 3050 711 3113 et
726 3040 931 3113 fossionibus
946 3041 1114 3113 montium
1134 3062 1195 3136 per
1206 3036 1445 3131 Brisgauviam
1455 3040 1662 3133 constitutis,
1682 3064 1797 3117 coram

391 3166 490 3237 nobis
505 3174 539 3237 et
556 3164 786 3260 principibus,
810 3164 968 3237 videlicet
986 3167 1021 3237 S.
1040 3164 1231 3237 venerabili
1250 3162 1502 3256 Mogentinensi
1521 3163 1794 3262 archiepiscopo,

393 3290 585 3362 Ekenberto
605 3288 875 3381 Babinbcrgansi
893 3288 1070 3383 episcopo,
1092 3288 1126 3359 S.
1150 3286 1389 3381 fiatisponensi
1409 3286 1587 3381 episcopo,
1613 3288 1799 3385 imperialis

392 3414 471 3486 aule
491 3412 710 3506 cancellario,
733 3411 771 3484 C.
789 3412 913 3484 abbate
924 3412 1039 3483 Sancti
1057 3411 1142 3483 Galli
1161 3420 1195 3483 et
1209 3410 1349 3482 Alberto
1367 3410 1456 3482 duce
1469 3414 1631 3501 Saxonis,
1654 3412 1800 3511 aliisque

391 3536 657 3632 quampluribus
673 3536 894 3629 magnatibus
907 3536 1065 3631 imperii,
1092 3543 1127 3607 ot
1143 3534 1322 3607 hincinde
1334 3532 1801 3633 mnltisdisceplta]tionibus

395 3658 1456 3755 dissentirent,dilectusprincepsnosterlieinricusBasiliensis
1463 3660 1647 3755 episcopus
1654 3685 1801 3755 surgens

394 3785 537 3859 emedio
549 3806 610 3879 per
623 3784 796 3857 sufficiens
805 3784 1039 3857 testimonium
1054 3782 1311 3877 privilegiorum
1323 3804 1479 3873 suorum,
1494 3784 1631 3855 testium
1639 3787 1798 3880 aliorum,

394 3906 568 4003 predictas
591 3908 725 4003 argenti
751 3906 886 3981 fodinas
911 3914 946 3979 et
970 3906 1135 3979 fossiones
1152 3906 1331 3978 Basilieosi
1352 3903 1496 3979 ecclesie
1507 3905 1553 3979 de
1564 3910 1802 3985 collationibus

395 4010 638 4128 imperatorum
658 4054 699 4105 ac
714 4052 837 4125 regum
854 4032 958 4126 pleno
973 4031 1051 4123 jure
1068 4030 1211 4101 attinere
1229 4027 1378 4101 obtinuit
1397 4042 1434 4102 et
1449 4030 1571 4121 evicit3
1593 4036 1803 4127 usqueadeo

395 4138 491 4251 cuod
510 4156 587 4229 talis
608 4158 677 4229 leta
699 4163 752 4228 est
775 4155 943 4227 sententia
965 4164 1000 4227 et
1020 4154 1066 4227 ab
1080 4154 1242 4227 omnibus
1263 4153 1469 4249 approbata,
1492 4156 1594 4227 etiam
1612 4160 1802 4233 astantibus

396 4280 623 4371 adversariis,
645 4301 760 4352 coram
782 4279 883 4351 nobis
900 4286 935 4350 ot
960 4276 1173 4373 principibus
1193 4278 1379 4373 prenotatis
1397 4279 1494 4373 quod
1515 4276 1680 4373 deinceps
1698 4304 1803 4377 super

396 4404 527 4477 eisdem
541 4402 694 4497 gaudere
705 4402 846 4476 deberet
859 4402 1073 4498 possessione
1087 4399 1229 4495 pacifica
1241 4410 1275 4473 et
1290 4400 1489 4495 tranquilla,
1511 4411 1546 4473 et
1561 4424 1582 4473 a
1596 4404 1690 4475 nullo
1700 4428 1803 4499 super

397 4529 603 4625 proprietate
622 4526 825 4601 earumdem
848 4524 980 4622 argenti
1003 4526 1198 4598 fodinarum
1212 4535 1246 4597 et
1263 4526 1451 4597 fossionum
1461 4529 1540 4618 jure
1558 4528 1677 4619 previo
1696 4531 1805 4623 possit

398 4654 453 4725 uel
474 4651 616 4725 deberet
638 4652 683 4723 ab
707 4652 825 4745 aliquo
846 4649 1066 4746 postmodum
1086 4649 1275 4743 impulsari.
1299 4649 1355 4721 Ad
1373 4652 1472 4741 cnjus
1492 4651 1658 4722 sententie
1676 4662 1803 4725 certam

401 4775 609 4849 evidentiam
638 4784 674 4847 et
695 4774 801 4847 robur
823 4776 859 4847 in
886 4784 1060 4871 posterum
1094 4774 1297 4865 valiturum,
1329 4796 1470 4869 presens
1497 4774 1663 4869 scriptum
1692 4777 1805 4872 sigillo

402 4910 516 4974 nostro
524 4900 691 4993 jussimus
702 4900 918 4973 communiri.
