<?xml version="1.0" encoding="UTF-8"?>
<!DOCTYPE html PUBLIC "-//W3C//DTD XHTML 1.0 Transitional//EN"
    "http://www.w3.org/TR/xhtml1/DTD/xhtml1-transitional.dtd">
<html xmlns="http://www.w3.org/1999/xhtml" xml:lang="en" lang="en">
 <head>
  <title>
</title>
<meta http-equiv="Content-Type" content="text/html;charset=utf-8" />
  <meta name='ocr-system' content='tesseract 3.04.00' />
  <meta name='ocr-capabilities' content='ocr_page ocr_carea ocr_par ocr_line ocrx_word'/>
</head>
<body>
  <div class='ocr_page' id='page_1' title='image "./historiadiploma05fredgoog_0040.png"; bbox 0 0 4859 6359; ppageno 0'>
   <div class='ocr_carea' id='block_1_1' title="bbox 606 775 2017 1387">
    <p class='ocr_par' dir='ltr' id='par_1_1' title="bbox 606 775 2017 1239">
     <span class='ocr_line' id='line_1_1' title="bbox 607 775 2017 877; baseline 0.016 -48"><span class='ocrx_word' id='word_1_1' title='bbox 607 778 668 841; x_wconf 69' lang='lat'><strong>532</strong></span> <span class='ocrx_word' id='word_1_2' title='bbox 1129 775 1303 840; x_wconf 77' lang='lat' dir='ltr'><strong>acuatur</strong></span> <span class='ocrx_word' id='word_1_3' title='bbox 1325 780 1493 845; x_wconf 83' lang='lat' dir='ltr'><strong>snarrrrr</strong></span> <span class='ocrx_word' id='word_1_4' title='bbox 1828 790 1909 877; x_wconf 57' lang='lat' dir='ltr'><strong>[aa.</strong></span> <span class='ocrx_word' id='word_1_5' title='bbox 1928 795 2017 860; x_wconf 72' lang='lat'><strong>12³2</strong></span> 
     </span>
     <span class='ocr_line' id='line_1_2' title="bbox 607 905 2015 1019; baseline 0.013 -38"><span class='ocrx_word' id='word_1_6' title='bbox 607 930 727 985; x_wconf 89' lang='lat' dir='ltr'><strong>norem</strong></span> <span class='ocrx_word' id='word_1_7' title='bbox 741 915 894 984; x_wconf 87' lang='lat' dir='ltr'><strong>nostrum</strong></span> <span class='ocrx_word' id='word_1_8' title='bbox 910 916 946 979; x_wconf 89' lang='lat' dir='ltr'><strong>et</strong></span> <span class='ocrx_word' id='word_1_9' title='bbox 962 905 1071 1003; x_wconf 86' lang='lat' dir='ltr'><strong>ipsius</strong></span> <span class='ocrx_word' id='word_1_10' title='bbox 1084 907 1297 1005; x_wconf 83' lang='lat' dir='ltr'><strong>episcopide</strong></span> <span class='ocrx_word' id='word_1_11' title='bbox 1311 922 1403 985; x_wconf 87' lang='lat' dir='ltr'><strong>statu</strong></span> <span class='ocrx_word' id='word_1_12' title='bbox 1419 914 1569 991; x_wconf 84' lang='lat' dir='ltr'><strong>civitatis</strong></span> <span class='ocrx_word' id='word_1_13' title='bbox 1585 916 1749 993; x_wconf 82' lang='lat' dir='ltr'><strong>ordinent</strong></span> <span class='ocrx_word' id='word_1_14' title='bbox 1762 930 1800 995; x_wconf 89' lang='lat' dir='ltr'><strong>et</strong></span> <span class='ocrx_word' id='word_1_15' title='bbox 1817 921 2015 1019; x_wconf 78' lang='lat' dir='ltr'><strong>disponant.</strong></span> 
     </span>
     <span class='ocr_line' id='line_1_3' title="bbox 606 1032 2014 1126; baseline 0.009 -17"><span class='ocrx_word' id='word_1_16' title='bbox 606 1034 651 1109; x_wconf 85' lang='lat' dir='ltr'><strong>Et</strong></span> <span class='ocrx_word' id='word_1_17' title='bbox 667 1033 829 1126; x_wconf 71' lang='lat' dir='ltr'><strong>uolumus</strong></span> <span class='ocrx_word' id='word_1_18' title='bbox 849 1040 887 1106; x_wconf 91' lang='lat' dir='ltr'><strong>ut</strong></span> <span class='ocrx_word' id='word_1_19' title='bbox 907 1053 971 1107; x_wconf 84' lang='lat' dir='ltr'><strong>vos</strong></span> <span class='ocrx_word' id='word_1_20' title='bbox 989 1032 1114 1107; x_wconf 87' lang='lat' dir='ltr'><strong>talibus</strong></span> <span class='ocrx_word' id='word_1_21' title='bbox 1130 1035 1331 1115; x_wconf 86' lang='lat' dir='ltr'><strong>eorumdem</strong></span> <span class='ocrx_word' id='word_1_22' title='bbox 1345 1037 1621 1119; x_wconf 70' lang='lat' dir='ltr'><strong>ordinationibus</strong></span> <span class='ocrx_word' id='word_1_23' title='bbox 1628 1042 1710 1119; x_wconf 86' lang='lat' dir='ltr'><strong>sine</strong></span> <span class='ocrx_word' id='word_1_24' title='bbox 1722 1064 1772 1117; x_wconf 74' lang='lat' dir='ltr'><strong>re</strong></span> <span class='ocrx_word' id='word_1_25' title='bbox 1802 1096 2014 1122; x_wconf 88' lang='grc'><strong>......</strong></span> 
     </span>
     <span class='ocr_line' id='line_1_4' title="bbox 607 1129 1668 1239; baseline -0.001 -10"><span class='ocrx_word' id='word_1_26' title='bbox 607 1129 741 1229; x_wconf 85' lang='lat' dir='ltr'><strong>catione</strong></span> <span class='ocrx_word' id='word_1_27' title='bbox 756 1156 965 1230; x_wconf 87' lang='lat' dir='ltr'><strong>unanimiter</strong></span> <span class='ocrx_word' id='word_1_28' title='bbox 978 1154 1159 1229; x_wconf 90' lang='lat' dir='ltr'><strong>obediatis.</strong></span> <span class='ocrx_word' id='word_1_29' title='bbox 1664 1235 1668 1239; x_wconf 10' lang='grc' dir='ltr'><strong>Α</strong></span> 
     </span>
    </p>

    <p class='ocr_par' dir='ltr' id='par_1_2' title="bbox 656 1280 1866 1387">
     <span class='ocr_line' id='line_1_5' title="bbox 656 1280 1866 1387; baseline 0.011 -34"><span class='ocrx_word' id='word_1_30' title='bbox 656 1282 780 1354; x_wconf 87' lang='lat' dir='ltr'><strong>Datum</strong></span> <span class='ocrx_word' id='word_1_31' title='bbox 799 1280 893 1377; x_wconf 89' lang='lat' dir='ltr'><strong>apud</strong></span> <span class='ocrx_word' id='word_1_32' title='bbox 907 1280 1165 1374; x_wconf 84' lang='lat' dir='ltr'><strong>Frankenlurd,</strong></span> <span class='ocrx_word' id='word_1_33' title='bbox 1191 1282 1222 1355; x_wconf 96' lang='lat' dir='ltr'><strong>ll</strong></span> <span class='ocrx_word' id='word_1_34' title='bbox 1233 1287 1512 1380; x_wconf 76' lang='lat' dir='ltr'><strong>nonaseugusti,</strong></span> <span class='ocrx_word' id='word_1_35' title='bbox 1531 1286 1720 1364; x_wconf 90' lang='lat' dir='ltr'><strong>indictione</strong></span> <span class='ocrx_word' id='word_1_36' title='bbox 1730 1292 1866 1387; x_wconf 86' lang='lat' dir='ltr'><strong>quinta.</strong></span> 
     </span>
    </p>
   </div>
   <div class='ocr_carea' id='block_1_2' title="bbox 1491 1584 1809 1601">
    <p class='ocr_par' dir='ltr' id='par_1_3' title="bbox 1491 1584 1809 1601">
     <span class='ocr_line' id='line_1_6' title="bbox 1491 1584 1809 1601; baseline 0.009 -6"><span class='ocrx_word' id='word_1_37' title='bbox 1491 1584 1809 1601; x_wconf 50' lang='grc' dir='ltr'><strong>..ί-ιιι*</strong></span> 
     </span>
    </p>
   </div>
   <div class='ocr_carea' id='block_1_3' title="bbox 404 1839 2020 2217">
    <p class='ocr_par' dir='ltr' id='par_1_4' title="bbox 404 1839 2020 2217">
     <span class='ocr_line' id='line_1_7' title="bbox 404 1839 2019 1971; baseline 0.006 -46"><span class='ocrx_word' id='word_1_38' title='bbox 404 1839 583 1949; x_wconf 57' lang='lat' dir='ltr'><strong>‘&#39;ffifffll</strong></span> <span class='ocrx_word' id='word_1_39' title='bbox 661 1841 865 1951; x_wconf 85' lang='lat' dir='ltr'><strong>Henricue,</strong></span> <span class='ocrx_word' id='word_1_40' title='bbox 896 1844 1156 1929; x_wconf 87' lang='lat' dir='ltr'><strong>Romanorum</strong></span> <span class='ocrx_word' id='word_1_41' title='bbox 1177 1869 1264 1952; x_wconf 84' lang='lat' dir='ltr'><strong>rex,</strong></span> <span class='ocrx_word' id='word_1_42' title='bbox 1287 1868 1359 1953; x_wconf 86' lang='lat' dir='ltr'><strong>pro</strong></span> <span class='ocrx_word' id='word_1_43' title='bbox 1380 1844 1500 1955; x_wconf 86' lang='lat' dir='ltr'><strong>gratis</strong></span> <span class='ocrx_word' id='word_1_44' title='bbox 1530 1853 1569 1929; x_wconf 85' lang='lat' dir='ltr'><strong>ct</strong></span> <span class='ocrx_word' id='word_1_45' title='bbox 1597 1846 1801 1956; x_wconf 86' lang='lat' dir='ltr'><strong>praeclaris</strong></span> <span class='ocrx_word' id='word_1_46' title='bbox 1827 1848 2019 1971; x_wconf 83' lang='lat' dir='ltr'><strong>obsequiis</strong></span> 
     </span>
     <span class='ocr_line' id='line_1_8' title="bbox 427 1949 2020 2088; baseline 0.008 -29"><span class='ocrx_word' id='word_1_47' title='bbox 427 1949 560 2004; x_wconf 55' lang='lat' dir='ltr'><strong>”m</strong></span> <span class='ocrx_word' id='word_1_48' title='bbox 612 1976 778 2059; x_wconf 84' lang='lat' dir='ltr'><strong>Conradi</strong></span> <span class='ocrx_word' id='word_1_49' title='bbox 805 1975 955 2059; x_wconf 85' lang='lat' dir='ltr'><strong>abbatia</strong></span> <span class='ocrx_word' id='word_1_50' title='bbox 977 1975 1106 2059; x_wconf 82' lang='lat' dir='ltr'><strong>Sancti</strong></span> <span class='ocrx_word' id='word_1_51' title='bbox 1128 1976 1252 2085; x_wconf 86' lang='lat' dir='ltr'><strong>Galli,</strong></span> <span class='ocrx_word' id='word_1_52' title='bbox 1275 1976 1422 2061; x_wconf 70' lang='lat' dir='ltr'><strong>cunam</strong></span> <span class='ocrx_word' id='word_1_53' title='bbox 1444 2002 1556 2061; x_wconf 85' lang='lat' dir='ltr'><strong>suam</strong></span> <span class='ocrx_word' id='word_1_54' title='bbox 1577 1980 1682 2088; x_wconf 92' lang='lat' dir='ltr'><strong>apud</strong></span> <span class='ocrx_word' id='word_1_55' title='bbox 1704 1980 1899 2065; x_wconf 74' lang='lat' dir='ltr'><strong>Griesmrn</strong></span> <span class='ocrx_word' id='word_1_56' title='bbox 1929 2008 2020 2071; x_wconf 87' lang='lat' dir='ltr'><strong>oum</strong></span> 
     </span>
     <span class='ocr_line' id='line_1_9' title="bbox 607 2106 1348 2217; baseline -0.001 -27"><span class='ocrx_word' id='word_1_57' title='bbox 607 2106 786 2191; x_wconf 86' lang='lat' dir='ltr'><strong>omnibns</strong></span> <span class='ocrx_word' id='word_1_58' title='bbox 805 2106 1031 2217; x_wconf 87' lang='lat' dir='ltr'><strong>appenditiis</strong></span> <span class='ocrx_word' id='word_1_59' title='bbox 1047 2107 1170 2191; x_wconf 87' lang='lat' dir='ltr'><strong>eidem</strong></span> <span class='ocrx_word' id='word_1_60' title='bbox 1187 2106 1348 2193; x_wconf 84' lang='lat' dir='ltr'><strong>confert.</strong></span> 
     </span>
    </p>
   </div>
   <div class='ocr_carea' id='block_1_4' title="bbox 690 2315 1650 2402">
    <p class='ocr_par' dir='ltr' id='par_1_5' title="bbox 690 2315 1650 2402">
     <span class='ocr_line' id='line_1_10' title="bbox 690 2315 1650 2402; baseline 0.004 -23"><span class='ocrx_word' id='word_1_61' title='bbox 690 2316 796 2398; x_wconf 81' lang='lat' dir='ltr'><strong>(Edld.</strong></span> <span class='ocrx_word' id='word_1_62' title='bbox 814 2316 976 2395; x_wconf 79' lang='lat' dir='ltr'><strong>Nauem,</strong></span> <span class='ocrx_word' id='word_1_63' title='bbox 992 2315 1063 2381; x_wconf 83' lang='lat' dir='ltr'><strong>Gnd.</strong></span> <span class='ocrx_word' id='word_1_64' title='bbox 1075 2315 1231 2381; x_wconf 72' lang='lat' dir='ltr'><strong>Alantone.</strong></span> <span class='ocrx_word' id='word_1_65' title='bbox 1243 2315 1408 2400; x_wconf 64' lang='lat' dir='ltr'><strong>dicabunt,</strong></span> <span class='ocrx_word' id='word_1_66' title='bbox 1421 2324 1447 2380; x_wconf 84' lang='lat' dir='ltr'><strong>t.</strong></span> <span class='ocrx_word' id='word_1_67' title='bbox 1461 2318 1504 2396; x_wconf 92' lang='lat'><strong>11,</strong></span> <span class='ocrx_word' id='word_1_68' title='bbox 1517 2335 1549 2399; x_wconf 89' lang='lat' dir='ltr'><strong>p.</strong></span> <span class='ocrx_word' id='word_1_69' title='bbox 1566 2320 1650 2402; x_wconf 81' lang='lat' dir='ltr'><strong>too.)</strong></span> 
     </span>
    </p>
   </div>
   <div class='ocr_carea' id='block_1_5' title="bbox 606 2502 2073 4315">
    <p class='ocr_par' dir='ltr' id='par_1_6' title="bbox 606 2502 2073 4085">
     <span class='ocr_line' id='line_1_11' title="bbox 657 2502 2020 2605; baseline 0.006 -32"><span class='ocrx_word' id='word_1_70' title='bbox 657 2502 718 2591; x_wconf 80' lang='lat' dir='ltr'><strong>ll,</strong></span> <span class='ocrx_word' id='word_1_71' title='bbox 736 2502 798 2575; x_wconf 86' lang='lat' dir='ltr'><strong>Dei</strong></span> <span class='ocrx_word' id='word_1_72' title='bbox 815 2503 926 2597; x_wconf 80' lang='lat' dir='ltr'><strong>gratia</strong></span> <span class='ocrx_word' id='word_1_73' title='bbox 940 2502 1172 2577; x_wconf 84' lang='lat' dir='ltr'><strong>Romanorum</strong></span> <span class='ocrx_word' id='word_1_74' title='bbox 1188 2525 1253 2577; x_wconf 81' lang='lat' dir='ltr'><strong>nex</strong></span> <span class='ocrx_word' id='word_1_75' title='bbox 1274 2512 1311 2579; x_wconf 91' lang='lat' dir='ltr'><strong>et</strong></span> <span class='ocrx_word' id='word_1_76' title='bbox 1327 2525 1463 2602; x_wconf 86' lang='lat' dir='ltr'><strong>semper</strong></span> <span class='ocrx_word' id='word_1_77' title='bbox 1479 2515 1666 2601; x_wconf 79' lang='lat' dir='ltr'><strong>augustus,</strong></span> <span class='ocrx_word' id='word_1_78' title='bbox 1691 2506 1863 2581; x_wconf 86' lang='lat' dir='ltr'><strong>univorsis</strong></span> <span class='ocrx_word' id='word_1_79' title='bbox 1885 2510 2020 2605; x_wconf 81' lang='lat' dir='ltr'><strong>imperii</strong></span> 
     </span>
     <span class='ocr_line' id='line_1_12' title="bbox 614 2608 2016 2723; baseline 0.005 -25"><span class='ocrx_word' id='word_1_80' title='bbox 614 2624 777 2700; x_wconf 89' lang='lat' dir='ltr'><strong>fidelibus</strong></span> <span class='ocrx_word' id='word_1_81' title='bbox 795 2627 924 2723; x_wconf 87' lang='lat' dir='ltr'><strong>quibus</strong></span> <span class='ocrx_word' id='word_1_82' title='bbox 937 2608 1004 2701; x_wconf 84' lang='lat' dir='ltr'><strong>hee</strong></span> <span class='ocrx_word' id='word_1_83' title='bbox 1019 2626 1130 2702; x_wconf 88' lang='lat' dir='ltr'><strong>littera</strong></span> <span class='ocrx_word' id='word_1_84' title='bbox 1146 2636 1283 2702; x_wconf 87' lang='lat' dir='ltr'><strong>ostansa</strong></span> <span class='ocrx_word' id='word_1_85' title='bbox 1298 2628 1425 2702; x_wconf 85' lang='lat' dir='ltr'><strong>luerint</strong></span> <span class='ocrx_word' id='word_1_86' title='bbox 1438 2630 1582 2723; x_wconf 80' lang='lat' dir='ltr'><strong>gratiam</strong></span> <span class='ocrx_word' id='word_1_87' title='bbox 1596 2652 1695 2704; x_wconf 90' lang='lat' dir='ltr'><strong>snam</strong></span> <span class='ocrx_word' id='word_1_88' title='bbox 1709 2638 1744 2704; x_wconf 92' lang='lat' dir='ltr'><strong>et</strong></span> <span class='ocrx_word' id='word_1_89' title='bbox 1757 2630 2016 2713; x_wconf 87' lang='lat' dir='ltr'><strong>omnebonum.</strong></span> 
     </span>
     <span class='ocr_line' id='line_1_13' title="bbox 609 2750 2021 2851; baseline 0.007 -28"><span class='ocrx_word' id='word_1_90' title='bbox 609 2750 907 2843; x_wconf 74' lang='lat' dir='ltr'><strong>Recognosoentas</strong></span> <span class='ocrx_word' id='word_1_91' title='bbox 932 2761 1028 2847; x_wconf 79' lang='lat' dir='ltr'><strong>grata</strong></span> <span class='ocrx_word' id='word_1_92' title='bbox 1053 2760 1088 2825; x_wconf 90' lang='lat' dir='ltr'><strong>et</strong></span> <span class='ocrx_word' id='word_1_93' title='bbox 1114 2752 1270 2850; x_wconf 88' lang='lat' dir='ltr'><strong>preclara</strong></span> <span class='ocrx_word' id='word_1_94' title='bbox 1295 2752 1551 2849; x_wconf 88' lang='lat' dir='ltr'><strong>obsequiaque</strong></span> <span class='ocrx_word' id='word_1_95' title='bbox 1571 2752 2021 2851; x_wconf 80' lang='lat' dir='ltr'><strong>dilectusprinuapsnoster</strong></span> 
     </span>
     <span class='ocr_line' id='line_1_14' title="bbox 610 2873 2020 2973; baseline 0.009 -26"><span class='ocrx_word' id='word_1_96' title='bbox 610 2873 648 2947; x_wconf 90' lang='lat' dir='ltr'><strong>C.</strong></span> <span class='ocrx_word' id='word_1_97' title='bbox 670 2876 878 2949; x_wconf 87' lang='lat' dir='ltr'><strong>venerabilia</strong></span> <span class='ocrx_word' id='word_1_98' title='bbox 897 2875 1005 2951; x_wconf 86' lang='lat' dir='ltr'><strong>abbae</strong></span> <span class='ocrx_word' id='word_1_99' title='bbox 1025 2876 1140 2950; x_wconf 81' lang='lat' dir='ltr'><strong>Sancti</strong></span> <span class='ocrx_word' id='word_1_100' title='bbox 1159 2876 1246 2951; x_wconf 86' lang='lat' dir='ltr'><strong>Galli</strong></span> <span class='ocrx_word' id='word_1_101' title='bbox 1267 2876 1396 2973; x_wconf 86' lang='lat' dir='ltr'><strong>pluries</strong></span> <span class='ocrx_word' id='word_1_102' title='bbox 1415 2876 1518 2951; x_wconf 84' lang='lat' dir='ltr'><strong>nobis</strong></span> <span class='ocrx_word' id='word_1_103' title='bbox 1528 2875 1687 2951; x_wconf 83' lang='lat' dir='ltr'><strong>exhibuit</strong></span> <span class='ocrx_word' id='word_1_104' title='bbox 1702 2885 1738 2951; x_wconf 88' lang='lat' dir='ltr'><strong>et</strong></span> <span class='ocrx_word' id='word_1_105' title='bbox 1751 2878 1895 2953; x_wconf 82' lang='lat' dir='ltr'><strong>exbibet</strong></span> <span class='ocrx_word' id='word_1_106' title='bbox 1908 2878 2020 2959; x_wconf 75' lang='lat' dir='ltr'><strong>inett-</strong></span> 
     </span>
     <span class='ocr_line' id='line_1_15' title="bbox 612 2999 2020 3100; baseline 0.005 -30"><span class='ocrx_word' id='word_1_107' title='bbox 612 3008 744 3093; x_wconf 78' lang='lat' dir='ltr'><strong>canter,</strong></span> <span class='ocrx_word' id='word_1_108' title='bbox 765 2999 811 3075; x_wconf 90' lang='lat' dir='ltr'><strong>de</strong></span> <span class='ocrx_word' id='word_1_109' title='bbox 822 3000 1038 3098; x_wconf 89' lang='lat' dir='ltr'><strong>planitudine</strong></span> <span class='ocrx_word' id='word_1_110' title='bbox 1052 3000 1185 3075; x_wconf 87' lang='lat' dir='ltr'><strong>consilii</strong></span> <span class='ocrx_word' id='word_1_111' title='bbox 1197 3000 1306 3075; x_wconf 81' lang='lat' dir='ltr'><strong>nostri</strong></span> <span class='ocrx_word' id='word_1_112' title='bbox 1319 3000 1527 3075; x_wconf 86' lang='lat' dir='ltr'><strong>contulimus</strong></span> <span class='ocrx_word' id='word_1_113' title='bbox 1544 3001 1579 3075; x_wconf 88' lang='lat' dir='ltr'><strong>ai</strong></span> <span class='ocrx_word' id='word_1_114' title='bbox 1598 3001 1730 3075; x_wconf 72' lang='lat' dir='ltr'><strong>cumam</strong></span> <span class='ocrx_word' id='word_1_115' title='bbox 1750 3010 1901 3075; x_wconf 75' lang='lat' dir='ltr'><strong>noenum</strong></span> <span class='ocrx_word' id='word_1_116' title='bbox 1923 3002 2020 3100; x_wconf 92' lang='lat' dir='ltr'><strong>apud</strong></span> 
     </span>
     <span class='ocr_line' id='line_1_16' title="bbox 609 3122 2021 3224; baseline 0.004 -27"><span class='ocrx_word' id='word_1_117' title='bbox 609 3122 829 3199; x_wconf 85' lang='lat' dir='ltr'><strong>Crieseerrnn</strong></span> <span class='ocrx_word' id='word_1_118' title='bbox 841 3124 889 3221; x_wconf 87' lang='lat' dir='ltr'><strong>(l)</strong></span> <span class='ocrx_word' id='word_1_119' title='bbox 904 3148 984 3199; x_wconf 94' lang='lat' dir='ltr'><strong>cum</strong></span> <span class='ocrx_word' id='word_1_120' title='bbox 998 3126 1160 3201; x_wconf 82' lang='lat' dir='ltr'><strong>omnibus</strong></span> <span class='ocrx_word' id='word_1_121' title='bbox 1179 3124 1388 3224; x_wconf 86' lang='lat' dir='ltr'><strong>appenditiis</strong></span> <span class='ocrx_word' id='word_1_122' title='bbox 1400 3126 1490 3221; x_wconf 83' lang='lat' dir='ltr'><strong>suis,</strong></span> <span class='ocrx_word' id='word_1_123' title='bbox 1508 3124 1673 3200; x_wconf 86' lang='lat' dir='ltr'><strong>videlicet</strong></span> <span class='ocrx_word' id='word_1_124' title='bbox 1689 3124 1906 3220; x_wconf 85' lang='lat' dir='ltr'><strong>bominibus,</strong></span> <span class='ocrx_word' id='word_1_125' title='bbox 1926 3128 2021 3219; x_wconf 77' lang='lat' dir='ltr'><strong>agris</strong></span> 
     </span>
     <span class='ocr_line' id='line_1_17' title="bbox 609 3248 2020 3349; baseline 0.003 -28"><span class='ocrx_word' id='word_1_126' title='bbox 609 3248 711 3321; x_wconf 87' lang='lat' dir='ltr'><strong>cultis</strong></span> <span class='ocrx_word' id='word_1_127' title='bbox 727 3256 763 3321; x_wconf 89' lang='lat' dir='ltr'><strong>at</strong></span> <span class='ocrx_word' id='word_1_128' title='bbox 774 3248 929 3342; x_wconf 87' lang='lat' dir='ltr'><strong>incultis,</strong></span> <span class='ocrx_word' id='word_1_129' title='bbox 950 3251 1073 3345; x_wconf 84' lang='lat' dir='ltr'><strong>pratis,</strong></span> <span class='ocrx_word' id='word_1_130' title='bbox 1100 3251 1257 3349; x_wconf 86' lang='lat' dir='ltr'><strong>pascuis,</strong></span> <span class='ocrx_word' id='word_1_131' title='bbox 1279 3250 1380 3346; x_wconf 88' lang='lat' dir='ltr'><strong>aquis</strong></span> <span class='ocrx_word' id='word_1_132' title='bbox 1399 3272 1641 3347; x_wconf 79' lang='lat' dir='ltr'><strong>aquarumque</strong></span> <span class='ocrx_word' id='word_1_133' title='bbox 1661 3249 1883 3345; x_wconf 77' lang='lat' dir='ltr'><strong>decursibus,</strong></span> <span class='ocrx_word' id='word_1_134' title='bbox 1912 3250 2020 3333; x_wconf 86' lang='lat' dir='ltr'><strong>libere</strong></span> 
     </span>
     <span class='ocr_line' id='line_1_18' title="bbox 608 3359 2073 3471; baseline 0.003 -26"><span class='ocrx_word' id='word_1_135' title='bbox 608 3370 794 3445; x_wconf 88' lang='lat' dir='ltr'><strong>tenendam</strong></span> <span class='ocrx_word' id='word_1_136' title='bbox 820 3381 855 3445; x_wconf 91' lang='lat' dir='ltr'><strong>ct</strong></span> <span class='ocrx_word' id='word_1_137' title='bbox 881 3382 1046 3469; x_wconf 89' lang='lat' dir='ltr'><strong>perpetuo</strong></span> <span class='ocrx_word' id='word_1_138' title='bbox 1073 3373 1331 3471; x_wconf 82' lang='lat' dir='ltr'><strong>possidendum.</strong></span> <span class='ocrx_word' id='word_1_139' title='bbox 1355 3373 1561 3449; x_wconf 84' lang='lat' dir='ltr'><strong>Mandantes</strong></span> <span class='ocrx_word' id='word_1_140' title='bbox 1587 3384 1624 3448; x_wconf 86' lang='lat' dir='ltr'><strong>et</strong></span> <span class='ocrx_word' id='word_1_141' title='bbox 1652 3374 1719 3447; x_wconf 87' lang='lat' dir='ltr'><strong>sub</strong></span> <span class='ocrx_word' id='word_1_142' title='bbox 1747 3375 2020 3451; x_wconf 86' lang='lat' dir='ltr'><strong>interminatione</strong></span> <span class='ocrx_word' id='word_1_143' title='bbox 2071 3359 2073 3363; x_wconf 33' lang='lat'><strong>¹</strong></span> 
     </span>
     <span class='ocr_line' id='line_1_19' title="bbox 613 3494 2019 3595; baseline 0.001 -28"><span class='ocrx_word' id='word_1_144' title='bbox 613 3494 723 3587; x_wconf 81' lang='lat' dir='ltr'><strong>gratia</strong></span> <span class='ocrx_word' id='word_1_145' title='bbox 740 3505 855 3569; x_wconf 89' lang='lat' dir='ltr'><strong>nostra</strong></span> <span class='ocrx_word' id='word_1_146' title='bbox 877 3494 1072 3571; x_wconf 86' lang='lat' dir='ltr'><strong>firmissime</strong></span> <span class='ocrx_word' id='word_1_147' title='bbox 1091 3495 1321 3593; x_wconf 85' lang='lat' dir='ltr'><strong>precipientes</strong></span> <span class='ocrx_word' id='word_1_148' title='bbox 1342 3506 1382 3571; x_wconf 92' lang='lat' dir='ltr'><strong>ut</strong></span> <span class='ocrx_word' id='word_1_149' title='bbox 1400 3498 1518 3571; x_wconf 84' lang='lat' dir='ltr'><strong>nullus</strong></span> <span class='ocrx_word' id='word_1_150' title='bbox 1537 3498 1584 3571; x_wconf 88' lang='lat' dir='ltr'><strong>sit</strong></span> <span class='ocrx_word' id='word_1_151' title='bbox 1598 3498 1661 3593; x_wconf 91' lang='lat' dir='ltr'><strong>qui</strong></span> <span class='ocrx_word' id='word_1_152' title='bbox 1675 3498 1809 3573; x_wconf 86' lang='lat' dir='ltr'><strong>dietum</strong></span> <span class='ocrx_word' id='word_1_153' title='bbox 1827 3498 2019 3595; x_wconf 78' lang='lat' dir='ltr'><strong>principem</strong></span> 
     </span>
     <span class='ocr_line' id='line_1_20' title="bbox 610 3619 2019 3720; baseline 0.004 -31"><span class='ocrx_word' id='word_1_154' title='bbox 610 3628 765 3691; x_wconf 88' lang='lat' dir='ltr'><strong>nostrum</strong></span> <span class='ocrx_word' id='word_1_155' title='bbox 781 3619 815 3690; x_wconf 89' lang='lat' dir='ltr'><strong>in</strong></span> <span class='ocrx_word' id='word_1_156' title='bbox 831 3620 999 3715; x_wconf 87' lang='lat' dir='ltr'><strong>prelibata</strong></span> <span class='ocrx_word' id='word_1_157' title='bbox 1015 3620 1112 3695; x_wconf 89' lang='lat' dir='ltr'><strong>curia</strong></span> <span class='ocrx_word' id='word_1_158' title='bbox 1129 3620 1299 3717; x_wconf 84' lang='lat' dir='ltr'><strong>impedire</strong></span> <span class='ocrx_word' id='word_1_159' title='bbox 1318 3619 1448 3695; x_wconf 88' lang='lat' dir='ltr'><strong>audeat</strong></span> <span class='ocrx_word' id='word_1_160' title='bbox 1463 3629 1527 3696; x_wconf 88' lang='lat' dir='ltr'><strong>aut</strong></span> <span class='ocrx_word' id='word_1_161' title='bbox 1543 3622 1735 3720; x_wconf 89' lang='lat' dir='ltr'><strong>dampnum</strong></span> <span class='ocrx_word' id='word_1_162' title='bbox 1751 3623 1786 3697; x_wconf 89' lang='lat' dir='ltr'><strong>ei</strong></span> <span class='ocrx_word' id='word_1_163' title='bbox 1808 3623 1865 3697; x_wconf 83' lang='lat' dir='ltr'><strong>vel</strong></span> <span class='ocrx_word' id='word_1_164' title='bbox 1889 3642 2019 3718; x_wconf 63' lang='lat' dir='ltr'><strong>grava</strong></span> 
     </span>
     <span class='ocr_line' id='line_1_21' title="bbox 608 3742 2019 3843; baseline 0 -26"><span class='ocrx_word' id='word_1_165' title='bbox 608 3763 689 3817; x_wconf 90' lang='lat' dir='ltr'><strong>men</strong></span> <span class='ocrx_word' id='word_1_166' title='bbox 711 3742 854 3839; x_wconf 89' lang='lat' dir='ltr'><strong>aliquod</strong></span> <span class='ocrx_word' id='word_1_167' title='bbox 872 3743 1036 3839; x_wconf 75' lang='lat' dir='ltr'><strong>irrogare.</strong></span> <span class='ocrx_word' id='word_1_168' title='bbox 1053 3744 1111 3819; x_wconf 83' lang='lat' dir='ltr'><strong>Ad</strong></span> <span class='ocrx_word' id='word_1_169' title='bbox 1129 3746 1229 3838; x_wconf 82' lang='lat' dir='ltr'><strong>cuiue</strong></span> <span class='ocrx_word' id='word_1_170' title='bbox 1250 3746 1354 3821; x_wconf 85' lang='lat' dir='ltr'><strong>etiam</strong></span> <span class='ocrx_word' id='word_1_171' title='bbox 1375 3745 1495 3842; x_wconf 84' lang='lat' dir='ltr'><strong>scripti</strong></span> <span class='ocrx_word' id='word_1_172' title='bbox 1512 3746 1620 3819; x_wconf 78' lang='lat' dir='ltr'><strong>nosoi</strong></span> <span class='ocrx_word' id='word_1_173' title='bbox 1648 3746 1756 3824; x_wconf 90' lang='lat' dir='ltr'><strong>robur</strong></span> <span class='ocrx_word' id='word_1_174' title='bbox 1773 3747 1816 3819; x_wconf 86' lang='lat' dir='ltr'><strong>in</strong></span> <span class='ocrx_word' id='word_1_175' title='bbox 1841 3756 2019 3843; x_wconf 85' lang='lat' dir='ltr'><strong>posterum</strong></span> 
     </span>
     <span class='ocr_line' id='line_1_22' title="bbox 611 3868 2020 3967; baseline 0.004 -28"><span class='ocrx_word' id='word_1_176' title='bbox 611 3868 816 3963; x_wconf 90' lang='lat' dir='ltr'><strong>valiturum,</strong></span> <span class='ocrx_word' id='word_1_177' title='bbox 848 3882 1042 3966; x_wconf 85' lang='lat' dir='ltr'><strong>presentem</strong></span> <span class='ocrx_word' id='word_1_178' title='bbox 1074 3871 1281 3945; x_wconf 89' lang='lat' dir='ltr'><strong>ailitterum</strong></span> <span class='ocrx_word' id='word_1_179' title='bbox 1310 3871 1481 3946; x_wconf 82' lang='lat' dir='ltr'><strong>comoribi</strong></span> <span class='ocrx_word' id='word_1_180' title='bbox 1504 3880 1540 3946; x_wconf 90' lang='lat' dir='ltr'><strong>et</strong></span> <span class='ocrx_word' id='word_1_181' title='bbox 1564 3871 1679 3967; x_wconf 80' lang='lat' dir='ltr'><strong>sigillo</strong></span> <span class='ocrx_word' id='word_1_182' title='bbox 1706 3880 1823 3945; x_wconf 81' lang='lat' dir='ltr'><strong>noenu</strong></span> <span class='ocrx_word' id='word_1_183' title='bbox 1850 3872 2020 3965; x_wconf 80' lang='lat' dir='ltr'><strong>iussimus</strong></span> 
     </span>
     <span class='ocr_line' id='line_1_23' title="bbox 606 4012 779 4085; baseline 0.017 -23"><span class='ocrx_word' id='word_1_184' title='bbox 606 4012 779 4085; x_wconf 78' lang='lat' dir='ltr'><strong>rnsrgnrrr.</strong></span> 
     </span>
    </p>

    <p class='ocr_par' dir='ltr' id='par_1_7' title="bbox 608 4115 2019 4315">
     <span class='ocr_line' id='line_1_24' title="bbox 655 4115 2019 4216; baseline 0.001 -28"><span class='ocrx_word' id='word_1_185' title='bbox 655 4117 780 4191; x_wconf 85' lang='lat' dir='ltr'><strong>Datum</strong></span> <span class='ocrx_word' id='word_1_186' title='bbox 797 4118 892 4214; x_wconf 88' lang='lat' dir='ltr'><strong>apud</strong></span> <span class='ocrx_word' id='word_1_187' title='bbox 910 4116 1078 4211; x_wconf 78' lang='lat' dir='ltr'><strong>Thungen</strong></span> <span class='ocrx_word' id='word_1_188' title='bbox 1101 4118 1277 4191; x_wconf 82' lang='lat' dir='ltr'><strong>incastris</strong></span> <span class='ocrx_word' id='word_1_189' title='bbox 1298 4115 1371 4216; x_wconf 76' lang='lat'><strong>(2),</strong></span> <span class='ocrx_word' id='word_1_190' title='bbox 1397 4116 1460 4191; x_wconf 83' lang='lat' dir='ltr'><strong>XV</strong></span> <span class='ocrx_word' id='word_1_191' title='bbox 1486 4117 1652 4192; x_wconf 81' lang='lat' dir='ltr'><strong>kalendae</strong></span> <span class='ocrx_word' id='word_1_192' title='bbox 1664 4116 1886 4215; x_wconf 87' lang='lat' dir='ltr'><strong>septembris,</strong></span> <span class='ocrx_word' id='word_1_193' title='bbox 1907 4117 2019 4193; x_wconf 86' lang='lat' dir='ltr'><strong>indie·</strong></span> 
     </span>
     <span class='ocr_line' id='line_1_25' title="bbox 608 4240 769 4315; baseline -0.006 -2"><span class='ocrx_word' id='word_1_194' title='bbox 608 4240 701 4315; x_wconf 90' lang='lat' dir='ltr'><strong>tione</strong></span> <span class='ocrx_word' id='word_1_195' title='bbox 714 4241 769 4315; x_wconf 60' lang='lat' dir='ltr'><strong>Vn</strong></span> 
     </span>
    </p>
   </div>
   <div class='ocr_carea' id='block_1_6' title="bbox 606 4424 652 4437">
    <p class='ocr_par' dir='ltr' id='par_1_8' title="bbox 606 4424 652 4437">
     <span class='ocr_line' id='line_1_26' title="bbox 606 4424 652 4437; baseline 0 -2"><span class='ocrx_word' id='word_1_196' title='bbox 606 4424 652 4437; x_wconf 55' lang='grc' dir='ltr'><strong>Ρ·</strong></span> 
     </span>
    </p>
   </div>
   <div class='ocr_carea' id='block_1_7' title="bbox 607 4521 2021 4990">
    <p class='ocr_par' dir='ltr' id='par_1_9' title="bbox 607 4521 2020 4876">
     <span class='ocr_line' id='line_1_27' title="bbox 645 4521 2020 4601; baseline -0.001 -19"><span class='ocrx_word' id='word_1_197' title='bbox 645 4524 682 4599; x_wconf 77' lang='lat' dir='ltr'><strong>(t)</strong></span> <span class='ocrx_word' id='word_1_198' title='bbox 701 4526 841 4585; x_wconf 57' lang='lat' dir='ltr'><strong>Mem</strong></span> <span class='ocrx_word' id='word_1_199' title='bbox 858 4524 987 4601; x_wconf 88' lang='lat' dir='ltr'><strong>parocbia</strong></span> <span class='ocrx_word' id='word_1_200' title='bbox 1007 4526 1042 4584; x_wconf 87' lang='lat' dir='ltr'><strong>nd</strong></span> <span class='ocrx_word' id='word_1_201' title='bbox 1063 4525 1200 4583; x_wconf 84' lang='lat' dir='ltr'><strong>sinistram</strong></span> <span class='ocrx_word' id='word_1_202' title='bbox 1214 4524 1301 4583; x_wconf 76' lang='lat' dir='ltr'><strong>libem</strong></span> <span class='ocrx_word' id='word_1_203' title='bbox 1317 4524 1421 4601; x_wconf 84' lang='lat' dir='ltr'><strong>ripam,</strong></span> <span class='ocrx_word' id='word_1_204' title='bbox 1434 4540 1517 4600; x_wconf 83' lang='lat' dir='ltr'><strong>snpra</strong></span> <span class='ocrx_word' id='word_1_205' title='bbox 1531 4522 1619 4583; x_wconf 87' lang='lat' dir='ltr'><strong>lacum</strong></span> <span class='ocrx_word' id='word_1_206' title='bbox 1633 4523 1805 4583; x_wconf 79' lang='lat' dir='ltr'><strong>bodanicum</strong></span> <span class='ocrx_word' id='word_1_207' title='bbox 1820 4524 1849 4581; x_wconf 92' lang='lat' dir='ltr'><strong>in</strong></span> <span class='ocrx_word' id='word_1_208' title='bbox 1860 4521 1931 4581; x_wconf 80' lang='lat' dir='ltr'><strong>nale</strong></span> <span class='ocrx_word' id='word_1_209' title='bbox 1942 4522 2020 4581; x_wconf 80' lang='lat' dir='ltr'><strong>Ilbe-</strong></span> 
     </span>
     <span class='ocr_line' id='line_1_28' title="bbox 610 4618 2020 4695; baseline -0.002 -14"><span class='ocrx_word' id='word_1_210' title='bbox 610 4636 689 4681; x_wconf 86' lang='lat' dir='ltr'><strong>nena.</strong></span> <span class='ocrx_word' id='word_1_211' title='bbox 704 4623 853 4695; x_wconf 83' lang='lat' dir='ltr'><strong>Nauportii</strong></span> <span class='ocrx_word' id='word_1_212' title='bbox 865 4629 939 4681; x_wconf 83' lang='lat' dir='ltr'><strong>antu.</strong></span> <span class='ocrx_word' id='word_1_213' title='bbox 951 4652 988 4665; x_wconf 90' lang='lat'><em>-</em></span> <span class='ocrx_word' id='word_1_214' title='bbox 999 4622 1089 4681; x_wconf 82' lang='lat' dir='ltr'><strong>Curtia</strong></span> <span class='ocrx_word' id='word_1_215' title='bbox 1107 4622 1256 4695; x_wconf 73' lang='lat' dir='ltr'><strong>Crescens,</strong></span> <span class='ocrx_word' id='word_1_216' title='bbox 1272 4622 1425 4691; x_wconf 62' lang='lat' dir='ltr'><strong>driccam</strong></span> <span class='ocrx_word' id='word_1_217' title='bbox 1443 4622 1479 4679; x_wconf 87' lang='lat' dir='ltr'><strong>ud</strong></span> <span class='ocrx_word' id='word_1_218' title='bbox 1492 4621 1579 4680; x_wconf 78' lang='lat' dir='ltr'><strong>Rheni</strong></span> <span class='ocrx_word' id='word_1_219' title='bbox 1589 4620 1665 4680; x_wconf 80' lang='lat' dir='ltr'><strong>ntus</strong></span> <span class='ocrx_word' id='word_1_220' title='bbox 1678 4636 1695 4679; x_wconf 91' lang='lat' dir='ltr'><strong>e</strong></span> <span class='ocrx_word' id='word_1_221' title='bbox 1707 4621 1818 4695; x_wconf 67' lang='grc' dir='ltr'><strong>τοςὶοιιο</strong></span> <span class='ocrx_word' id='word_1_222' title='bbox 1830 4618 1921 4695; x_wconf 89' lang='lat' dir='ltr'><strong>oppidi</strong></span> <span class='ocrx_word' id='word_1_223' title='bbox 1938 4618 2020 4678; x_wconf 76' lang='lat' dir='ltr'><strong>ren·</strong></span> 
     </span>
     <span class='ocr_line' id='line_1_29' title="bbox 610 4716 2019 4794; baseline -0.001 -17"><span class='ocrx_word' id='word_1_224' title='bbox 610 4717 687 4777; x_wconf 85' lang='lat' dir='ltr'><strong>kirob</strong></span> <span class='ocrx_word' id='word_1_225' title='bbox 705 4719 771 4790; x_wconf 85' lang='lat' dir='ltr'><strong>site,</strong></span> <span class='ocrx_word' id='word_1_226' title='bbox 784 4720 876 4793; x_wconf 89' lang='lat' dir='ltr'><strong>pluree</strong></span> <span class='ocrx_word' id='word_1_227' title='bbox 888 4720 1114 4794; x_wconf 83' lang='lat' dir='ltr'><strong>complectebatur</strong></span> <span class='ocrx_word' id='word_1_228' title='bbox 1125 4721 1344 4793; x_wconf 85' lang='lat' dir='ltr'><strong>communitates,</strong></span> <span class='ocrx_word' id='word_1_229' title='bbox 1362 4719 1487 4779; x_wconf 83' lang='lat' dir='ltr'><strong>videlicet</strong></span> <span class='ocrx_word' id='word_1_230' title='bbox 1502 4718 1682 4793; x_wconf 75' lang='lat' dir='ltr'><strong>Montlingen,</strong></span> <span class='ocrx_word' id='word_1_231' title='bbox 1698 4718 1844 4791; x_wconf 86' lang='lat' dir='ltr'><strong>Obarried,</strong></span> <span class='ocrx_word' id='word_1_232' title='bbox 1858 4716 2019 4776; x_wconf 79' lang='lat' dir='ltr'><strong>liobelwald</strong></span> 
     </span>
     <span class='ocr_line' id='line_1_30' title="bbox 607 4816 1424 4876; baseline 0.001 -3"><span class='ocrx_word' id='word_1_233' title='bbox 607 4822 635 4875; x_wconf 86' lang='lat' dir='ltr'><strong>et</strong></span> <span class='ocrx_word' id='word_1_234' title='bbox 647 4822 766 4875; x_wconf 86' lang='lat' dir='ltr'><strong>montem</strong></span> <span class='ocrx_word' id='word_1_235' title='bbox 780 4817 880 4875; x_wconf 86' lang='lat' dir='ltr'><strong>Kamor</strong></span> <span class='ocrx_word' id='word_1_236' title='bbox 888 4823 916 4875; x_wconf 89' lang='lat' dir='ltr'><strong>et</strong></span> <span class='ocrx_word' id='word_1_237' title='bbox 932 4818 990 4876; x_wconf 87' lang='lat' dir='ltr'><strong>loca</strong></span> <span class='ocrx_word' id='word_1_238' title='bbox 1002 4824 1076 4876; x_wconf 86' lang='lat' dir='ltr'><strong>trane</strong></span> <span class='ocrx_word' id='word_1_239' title='bbox 1089 4816 1222 4875; x_wconf 79' lang='lat' dir='ltr'><strong>Rhenum.</strong></span> <span class='ocrx_word' id='word_1_240' title='bbox 1234 4818 1336 4874; x_wconf 79' lang='lat' dir='ltr'><strong>Pertas&#39;l</strong></span> <span class='ocrx_word' id='word_1_241' title='bbox 1348 4822 1424 4874; x_wconf 81' lang='lat' dir='ltr'><strong>uoto.</strong></span> 
     </span>
    </p>

    <p class='ocr_par' dir='ltr' id='par_1_10' title="bbox 644 4905 2021 4990">
     <span class='ocr_line' id='line_1_31' title="bbox 644 4905 2021 4990; baseline -0.001 -21"><span class='ocrx_word' id='word_1_242' title='bbox 644 4914 682 4987; x_wconf 71' lang='lat' dir='ltr'><strong>lt)</strong></span> <span class='ocrx_word' id='word_1_243' title='bbox 700 4912 804 4971; x_wconf 85' lang='lat' dir='ltr'><strong>Scilicet</strong></span> <span class='ocrx_word' id='word_1_244' title='bbox 817 4912 953 4987; x_wconf 79' lang='lat' dir='ltr'><strong>Tbienpeo</strong></span> <span class='ocrx_word' id='word_1_245' title='bbox 966 4915 993 4971; x_wconf 91' lang='lat' dir='ltr'><strong>in</strong></span> <span class='ocrx_word' id='word_1_246' title='bbox 1006 4914 1143 4990; x_wconf 87' lang='lat' dir='ltr'><strong>provincia</strong></span> <span class='ocrx_word' id='word_1_247' title='bbox 1153 4914 1224 4971; x_wconf 76' lang='lat' dir='ltr'><strong>dota</strong></span> <span class='ocrx_word' id='word_1_248' title='bbox 1238 4911 1480 4987; x_wconf 73' lang='lat' dir='ltr'><strong>Sobwuneuberg,</strong></span> <span class='ocrx_word' id='word_1_249' title='bbox 1491 4912 1569 4987; x_wconf 77' lang='lat' dir='ltr'><strong>iuxta</strong></span> <span class='ocrx_word' id='word_1_250' title='bbox 1580 4905 1727 4973; x_wconf 76' lang='lat' dir='ltr'><strong>warmunt</strong></span> <span class='ocrx_word' id='word_1_251' title='bbox 1735 4912 1772 4971; x_wconf 81' lang='lat' dir='ltr'><strong>ad</strong></span> <span class='ocrx_word' id='word_1_252' title='bbox 1781 4911 1921 4971; x_wconf 60' lang='lat' dir='ltr'><strong>duorum</strong></span> <span class='ocrx_word' id='word_1_253' title='bbox 1933 4909 2021 4968; x_wconf 75' lang='lat' dir='ltr'><strong>libem</strong></span> 
     </span>
    </p>
   </div>
   <div class='ocr_carea' id='block_1_8' title="bbox 0 0 2434 6356">
    <p class='ocr_par' dir='ltr' id='par_1_11' title="bbox 0 0 2434 6356">
     <span class='ocr_line' id='line_1_32' title="bbox 0 0 2434 6356; baseline 0 0"><span class='ocrx_word' id='word_1_254' title='bbox 0 0 2434 6356; x_wconf 95' lang='lat' dir='ltr'><strong> </strong></span> 
     </span>
    </p>
   </div>
  </div>
 </body>
</html>
