<?xml version="1.0" encoding="UTF-8"?>
<!DOCTYPE html PUBLIC "-//W3C//DTD XHTML 1.0 Transitional//EN"
    "http://www.w3.org/TR/xhtml1/DTD/xhtml1-transitional.dtd">
<html xmlns="http://www.w3.org/1999/xhtml" xml:lang="en" lang="en">
 <head>
  <title>
</title>
<meta http-equiv="Content-Type" content="text/html;charset=utf-8" />
  <meta name='ocr-system' content='tesseract 3.04.00' />
  <meta name='ocr-capabilities' content='ocr_page ocr_carea ocr_par ocr_line ocrx_word'/>
</head>
<body>
  <div class='ocr_page' id='page_1' title='image "./historiadiploma05fredgoog_0441.png"; bbox 0 0 4859 6359; ppageno 0'>
   <div class='ocr_carea' id='block_1_1' title="bbox 884 774 1841 839">
    <p class='ocr_par' dir='ltr' id='par_1_1' title="bbox 884 774 1841 839">
     <span class='ocr_line' id='line_1_1' title="bbox 884 774 1841 839; baseline 0.002 -4"><span class='ocrx_word' id='word_1_1' title='bbox 884 777 1012 837; x_wconf 74' lang='lat' dir='ltr'>inunt</span> <span class='ocrx_word' id='word_1_2' title='bbox 1035 776 1381 839; x_wconf 78' lang='lat' dir='ltr'>DOCUMENTORUM.</span> <span class='ocrx_word' id='word_1_3' title='bbox 1780 774 1841 837; x_wconf 84' lang='lat'>983</span> 
     </span>
    </p>
   </div>
   <div class='ocr_carea' id='block_1_2' title="bbox 734 1098 1845 1674">
    <p class='ocr_par' dir='ltr' id='par_1_2' title="bbox 734 1098 1844 1471">
     <span class='ocr_line' id='line_1_2' title="bbox 734 1098 1842 1183; baseline -0.002 -18"><span class='ocrx_word' id='word_1_4' title='bbox 734 1146 744 1165; x_wconf 88' lang='lat'><strong>.</strong></span> <span class='ocrx_word' id='word_1_5' title='bbox 816 1136 855 1149; x_wconf 95' lang='lat'>-</span> <span class='ocrx_word' id='word_1_6' title='bbox 874 1104 991 1165; x_wconf 78' lang='lat' dir='ltr'>Eisdem</span> <span class='ocrx_word' id='word_1_7' title='bbox 1005 1104 1043 1164; x_wconf 85' lang='grc'>(16</span> <span class='ocrx_word' id='word_1_8' title='bbox 1052 1103 1156 1164; x_wconf 79' lang='grc'>661166</span> <span class='ocrx_word' id='word_1_9' title='bbox 1168 1112 1343 1183; x_wconf 82' lang='lat' dir='ltr'>argumento</span> <span class='ocrx_word' id='word_1_10' title='bbox 1357 1098 1468 1177; x_wconf 75' lang='lat' dir='ltr'>scribit,</span> <span class='ocrx_word' id='word_1_11' title='bbox 1483 1104 1595 1165; x_wconf 87' lang='lat' dir='ltr'>addens</span> <span class='ocrx_word' id='word_1_12' title='bbox 1608 1103 1768 1182; x_wconf 82' lang='lat' dir='ltr'>quodcum</span> <span class='ocrx_word' id='word_1_13' title='bbox 1784 1106 1842 1163; x_wconf 92' lang='lat' dir='ltr'>lm-</span> 
     </span>
     <span class='ocr_line' id='line_1_3' title="bbox 853 1200 1844 1279; baseline 0.001 -19"><span class='ocrx_word' id='word_1_14' title='bbox 853 1208 970 1277; x_wconf 86' lang='lat' dir='ltr'>perator</span> <span class='ocrx_word' id='word_1_15' title='bbox 994 1202 1169 1278; x_wconf 84' lang='lat' dir='ltr'>magistrum</span> <span class='ocrx_word' id='word_1_16' title='bbox 1191 1202 1441 1265; x_wconf 87' lang='lat' dir='ltr'>Tbeutoniaorum</span> <span class='ocrx_word' id='word_1_17' title='bbox 1467 1218 1519 1279; x_wconf 89' lang='lat' dir='ltr'>pro</span> <span class='ocrx_word' id='word_1_18' title='bbox 1541 1218 1614 1278; x_wconf 88' lang='lat' dir='ltr'>pace</span> <span class='ocrx_word' id='word_1_19' title='bbox 1635 1200 1789 1264; x_wconf 79' lang='grc'>1666166116</span> <span class='ocrx_word' id='word_1_20' title='bbox 1811 1202 1844 1261; x_wconf 91' lang='grc'>16</span> 
     </span>
     <span class='ocr_line' id='line_1_4' title="bbox 854 1295 1844 1376; baseline -0.003 -18"><span class='ocrx_word' id='word_1_21' title='bbox 854 1296 1062 1358; x_wconf 85' lang='lat' dir='ltr'>Lombardlam</span> <span class='ocrx_word' id='word_1_22' title='bbox 1070 1299 1191 1371; x_wconf 87' lang='lat' dir='ltr'>mittat,</span> <span class='ocrx_word' id='word_1_23' title='bbox 1206 1299 1264 1375; x_wconf 87' lang='lat' dir='ltr'>ipsi</span> <span class='ocrx_word' id='word_1_24' title='bbox 1276 1298 1371 1359; x_wconf 87' lang='lat' dir='ltr'>eidem</span> <span class='ocrx_word' id='word_1_25' title='bbox 1383 1299 1524 1376; x_wconf 80' lang='lat' dir='ltr'>magistro</span> <span class='ocrx_word' id='word_1_26' title='bbox 1537 1299 1689 1376; x_wconf 84' lang='lat' dir='ltr'>assistant,</span> <span class='ocrx_word' id='word_1_27' title='bbox 1702 1297 1745 1356; x_wconf 91' lang='lat' dir='ltr'>itu</span> <span class='ocrx_word' id='word_1_28' title='bbox 1758 1295 1844 1357; x_wconf 80' lang='grc'>61116</span> 
     </span>
     <span class='ocr_line' id='line_1_5' title="bbox 856 1392 1843 1471; baseline 0.001 -18"><span class='ocrx_word' id='word_1_29' title='bbox 856 1394 1001 1470; x_wconf 89' lang='lat' dir='ltr'>colloquio</span> <span class='ocrx_word' id='word_1_30' title='bbox 1013 1394 1164 1469; x_wconf 86' lang='lat' dir='ltr'>praedicto</span> <span class='ocrx_word' id='word_1_31' title='bbox 1176 1392 1272 1454; x_wconf 88' lang='lat' dir='ltr'>bonus</span> <span class='ocrx_word' id='word_1_32' title='bbox 1287 1392 1411 1455; x_wconf 87' lang='grc'>61166166</span> <span class='ocrx_word' id='word_1_33' title='bbox 1420 1395 1582 1471; x_wconf 84' lang='lat' dir='ltr'>proveniat.</span> <span class='ocrx_word' id='word_1_34' title='bbox 1786 1401 1843 1454; x_wconf 83' lang='grc'>666</span> 
     </span>
    </p>

    <p class='ocr_par' dir='ltr' id='par_1_3' title="bbox 743 1498 1845 1674">
     <span class='ocr_line' id='line_1_6' title="bbox 743 1498 1845 1579; baseline 0.002 -22"><span class='ocrx_word' id='word_1_35' title='bbox 743 1540 752 1557; x_wconf 92' lang='grc'><strong>.</strong></span> <span class='ocrx_word' id='word_1_36' title='bbox 816 1531 858 1543; x_wconf 89' lang='grc'>-</span> <span class='ocrx_word' id='word_1_37' title='bbox 876 1498 985 1559; x_wconf 84' lang='lat' dir='ltr'>Scribit</span> <span class='ocrx_word' id='word_1_38' title='bbox 1000 1499 1165 1571; x_wconf 83' lang='lat' dir='ltr'>Friderioo,</span> <span class='ocrx_word' id='word_1_39' title='bbox 1184 1500 1385 1561; x_wconf 86' lang='lat' dir='ltr'>Romanorum</span> <span class='ocrx_word' id='word_1_40' title='bbox 1406 1502 1586 1579; x_wconf 84' lang='lat' dir='ltr'>imperatori,</span> <span class='ocrx_word' id='word_1_41' title='bbox 1600 1498 1681 1576; x_wconf 86' lang='lat' dir='ltr'>qnod</span> <span class='ocrx_word' id='word_1_42' title='bbox 1696 1515 1765 1559; x_wconf 91' lang='lat' dir='ltr'>cum</span> <span class='ocrx_word' id='word_1_43' title='bbox 1784 1498 1845 1560; x_wconf 84' lang='lat' dir='ltr'>Ge-</span> 
     </span>
     <span class='ocr_line' id='line_1_7' title="bbox 856 1594 1845 1674; baseline 0.002 -19"><span class='ocrx_word' id='word_1_44' title='bbox 856 1594 966 1656; x_wconf 88' lang='lat' dir='ltr'>bardus</span> <span class='ocrx_word' id='word_1_45' title='bbox 979 1595 1094 1673; x_wconf 83' lang='lat' dir='ltr'>legatus</span> <span class='ocrx_word' id='word_1_46' title='bbox 1113 1599 1177 1672; x_wconf 88' lang='lat' dir='ltr'>ejus</span> <span class='ocrx_word' id='word_1_47' title='bbox 1193 1598 1226 1657; x_wconf 94' lang='lat' dir='ltr'>in</span> <span class='ocrx_word' id='word_1_48' title='bbox 1245 1596 1353 1658; x_wconf 80' lang='lat' dir='ltr'><strong>Tuscia</strong></span> <span class='ocrx_word' id='word_1_49' title='bbox 1371 1614 1431 1658; x_wconf 91' lang='lat' dir='ltr'>uon</span> <span class='ocrx_word' id='word_1_50' title='bbox 1450 1598 1647 1674; x_wconf 82' lang='lat' dir='ltr'>comparuerit</span> <span class='ocrx_word' id='word_1_51' title='bbox 1666 1596 1746 1673; x_wconf 87' lang='lat' dir='ltr'>apud</span> <span class='ocrx_word' id='word_1_52' title='bbox 1765 1596 1845 1657; x_wconf 77' lang='grc'>166-</span> 
     </span>
    </p>
   </div>
   <div class='ocr_carea' id='block_1_3' title="bbox 745 1690 1845 2075">
    <p class='ocr_par' dir='ltr' id='par_1_4' title="bbox 856 1690 1844 1865">
     <span class='ocr_line' id='line_1_8' title="bbox 856 1690 1844 1765; baseline 0.004 -16"><span class='ocrx_word' id='word_1_53' title='bbox 856 1690 926 1751; x_wconf 89' lang='lat' dir='ltr'>dam</span> <span class='ocrx_word' id='word_1_54' title='bbox 939 1691 977 1750; x_wconf 87' lang='lat' dir='ltr'>de</span> <span class='ocrx_word' id='word_1_55' title='bbox 990 1708 1061 1765; x_wconf 91' lang='lat' dir='ltr'>pace</span> <span class='ocrx_word' id='word_1_56' title='bbox 1073 1708 1140 1752; x_wconf 89' lang='lat' dir='ltr'>oum</span> <span class='ocrx_word' id='word_1_57' title='bbox 1155 1692 1327 1754; x_wconf 82' lang='lat' dir='ltr'>Lomburdis</span> <span class='ocrx_word' id='word_1_58' title='bbox 1345 1690 1539 1765; x_wconf 82' lang='lat' dir='ltr'>tractaturus,</span> <span class='ocrx_word' id='word_1_59' title='bbox 1554 1708 1653 1753; x_wconf 87' lang='lat' dir='ltr'>coram</span> <span class='ocrx_word' id='word_1_60' title='bbox 1674 1708 1706 1753; x_wconf 89' lang='lat' dir='ltr'>ss</span> <span class='ocrx_word' id='word_1_61' title='bbox 1724 1708 1844 1754; x_wconf 83' lang='grc'>666666</span> 
     </span>
     <span class='ocr_line' id='line_1_9' title="bbox 857 1788 1843 1865; baseline 0.005 -19"><span class='ocrx_word' id='word_1_62' title='bbox 857 1790 993 1847; x_wconf 85' lang='lat' dir='ltr'>evocavit</span> <span class='ocrx_word' id='word_1_63' title='bbox 1005 1788 1044 1848; x_wconf 85' lang='lat' dir='ltr'>ad</span> <span class='ocrx_word' id='word_1_64' title='bbox 1057 1791 1225 1865; x_wconf 83' lang='lat' dir='ltr'>proximum</span> <span class='ocrx_word' id='word_1_65' title='bbox 1238 1789 1344 1851; x_wconf 84' lang='lat' dir='ltr'>festum</span> <span class='ocrx_word' id='word_1_66' title='bbox 1358 1792 1498 1853; x_wconf 92' lang='lat' dir='ltr'>Omnium</span> <span class='ocrx_word' id='word_1_67' title='bbox 1511 1789 1697 1851; x_wconf 86' lang='lat' dir='ltr'>Sanctorum.</span> <span class='ocrx_word' id='word_1_68' title='bbox 1786 1798 1843 1851; x_wconf 89' lang='grc'>666</span> 
     </span>
    </p>

    <p class='ocr_par' dir='ltr' id='par_1_5' title="bbox 745 1894 1845 2075">
     <span class='ocr_line' id='line_1_10' title="bbox 745 1894 1845 1973; baseline 0.006 -22"><span class='ocrx_word' id='word_1_69' title='bbox 745 1934 754 1951; x_wconf 95' lang='grc'><strong>.</strong></span> <span class='ocrx_word' id='word_1_70' title='bbox 817 1924 859 1939; x_wconf 88' lang='grc'>-</span> <span class='ocrx_word' id='word_1_71' title='bbox 877 1894 973 1971; x_wconf 83' lang='lat' dir='ltr'>Regni</span> <span class='ocrx_word' id='word_1_72' title='bbox 985 1894 1103 1963; x_wconf 82' lang='lat' dir='ltr'>Siclliae</span> <span class='ocrx_word' id='word_1_73' title='bbox 1119 1896 1256 1971; x_wconf 90' lang='lat' dir='ltr'>praelatis</span> <span class='ocrx_word' id='word_1_74' title='bbox 1274 1896 1396 1957; x_wconf 88' lang='lat' dir='ltr'>mandat</span> <span class='ocrx_word' id='word_1_75' title='bbox 1411 1913 1450 1958; x_wconf 87' lang='lat' dir='ltr'>ne</span> <span class='ocrx_word' id='word_1_76' title='bbox 1467 1898 1535 1973; x_wconf 88' lang='lat' dir='ltr'>quis</span> <span class='ocrx_word' id='word_1_77' title='bbox 1551 1912 1653 1957; x_wconf 84' lang='lat' dir='ltr'>sorum</span> <span class='ocrx_word' id='word_1_78' title='bbox 1669 1894 1845 1958; x_wconf 85' lang='lat' dir='ltr'>officialibus</span> 
     </span>
     <span class='ocr_line' id='line_1_11' title="bbox 776 1989 1845 2075; baseline 0.005 -26"><span class='ocrx_word' id='word_1_79' title='bbox 776 2068 781 2075; x_wconf 79' lang='lat'><strong>.</strong></span> <span class='ocrx_word' id='word_1_80' title='bbox 855 1990 1201 2065; x_wconf 85' lang='lat' dir='ltr'>imperatorisocousioue</span> <span class='ocrx_word' id='word_1_81' title='bbox 1209 1989 1385 2052; x_wconf 81' lang='grc'>(1616666611</span> <span class='ocrx_word' id='word_1_82' title='bbox 1394 1991 1756 2069; x_wconf 87' lang='lat' dir='ltr'>patrimoninmEuclesiae</span> <span class='ocrx_word' id='word_1_83' title='bbox 1765 1994 1845 2069; x_wconf 88' lang='lat' dir='ltr'>ipsos</span> 
     </span>
    </p>
   </div>
   <div class='ocr_carea' id='block_1_4' title="bbox 438 2087 1855 4949">
    <p class='ocr_par' dir='ltr' id='par_1_6' title="bbox 856 2087 1843 2165">
     <span class='ocr_line' id='line_1_12' title="bbox 856 2087 1843 2165; baseline 0.006 -21"><span class='ocrx_word' id='word_1_84' title='bbox 856 2100 981 2163; x_wconf 86' lang='lat' dir='ltr'>gravare</span> <span class='ocrx_word' id='word_1_85' title='bbox 994 2087 1169 2160; x_wconf 86' lang='lat' dir='ltr'>volentibus,</span> <span class='ocrx_word' id='word_1_86' title='bbox 1184 2088 1383 2165; x_wconf 75' lang='lat' dir='ltr'><strong>respondeant</strong></span> <span class='ocrx_word' id='word_1_87' title='bbox 1396 2095 1426 2149; x_wconf 88' lang='grc'>61</span> <span class='ocrx_word' id='word_1_88' title='bbox 1439 2089 1601 2150; x_wconf 80' lang='lat' dir='ltr'>intendant.</span> <span class='ocrx_word' id='word_1_89' title='bbox 1650 2096 1720 2161; x_wconf 88' lang='grc'>661,</span> <span class='ocrx_word' id='word_1_90' title='bbox 1732 2094 1796 2149; x_wconf 91' lang='grc'>661.</span> <span class='ocrx_word' id='word_1_91' title='bbox 1812 2098 1843 2150; x_wconf 84' lang='grc'>1.</span> 
     </span>
    </p>

    <p class='ocr_par' dir='ltr' id='par_1_7' title="bbox 737 2191 1846 2369">
     <span class='ocr_line' id='line_1_13' title="bbox 737 2191 1846 2269; baseline 0 -14"><span class='ocrx_word' id='word_1_92' title='bbox 737 2238 746 2255; x_wconf 91' lang='grc'><strong>.</strong></span> <span class='ocrx_word' id='word_1_93' title='bbox 816 2222 858 2237; x_wconf 88' lang='grc'><strong>-</strong></span> <span class='ocrx_word' id='word_1_94' title='bbox 876 2191 1058 2252; x_wconf 70' lang='lat' dir='ltr'>fridericum</span> <span class='ocrx_word' id='word_1_95' title='bbox 1078 2193 1280 2253; x_wconf 88' lang='lat' dir='ltr'>Romanorum</span> <span class='ocrx_word' id='word_1_96' title='bbox 1298 2195 1503 2269; x_wconf 76' lang='lat' dir='ltr'>imperatorem</span> <span class='ocrx_word' id='word_1_97' title='bbox 1525 2194 1660 2254; x_wconf 87' lang='lat' dir='ltr'>bortatur</span> <span class='ocrx_word' id='word_1_98' title='bbox 1676 2194 1846 2255; x_wconf 84' lang='grc'>6116666-</span> 
     </span>
     <span class='ocr_line' id='line_1_14' title="bbox 856 2287 1844 2369; baseline 0.005 -22"><span class='ocrx_word' id='word_1_99' title='bbox 856 2287 1383 2369; x_wconf 81' lang='lat' dir='ltr'>cursumEcclesiaacoutrarebelles</span> <span class='ocrx_word' id='word_1_100' title='bbox 1396 2295 1532 2367; x_wconf 84' lang='lat' dir='ltr'>exurgat.</span> <span class='ocrx_word' id='word_1_101' title='bbox 1788 2299 1844 2352; x_wconf 88' lang='grc'>616</span> 
     </span>
    </p>

    <p class='ocr_par' dir='ltr' id='par_1_8' title="bbox 737 2393 1844 2473">
     <span class='ocr_line' id='line_1_15' title="bbox 737 2393 1844 2473; baseline 0.001 -17"><span class='ocrx_word' id='word_1_102' title='bbox 737 2438 746 2456; x_wconf 94' lang='grc'><strong>.</strong></span> <span class='ocrx_word' id='word_1_103' title='bbox 817 2424 858 2437; x_wconf 89' lang='lat'>-</span> <span class='ocrx_word' id='word_1_104' title='bbox 875 2393 1063 2454; x_wconf 84' lang='lat' dir='ltr'>Patriarobae</span> <span class='ocrx_word' id='word_1_105' title='bbox 1075 2393 1260 2455; x_wconf 79' lang='lat' dir='ltr'>Antiocheno</span> <span class='ocrx_word' id='word_1_106' title='bbox 1280 2394 1402 2455; x_wconf 89' lang='lat' dir='ltr'>mandat</span> <span class='ocrx_word' id='word_1_107' title='bbox 1423 2401 1459 2455; x_wconf 92' lang='grc'>61</span> <span class='ocrx_word' id='word_1_108' title='bbox 1475 2394 1576 2456; x_wconf 90' lang='lat' dir='ltr'>habito</span> <span class='ocrx_word' id='word_1_109' title='bbox 1595 2396 1844 2473; x_wconf 72' lang='grc'>6666166666-</span> 
     </span>
    </p>

    <p class='ocr_par' dir='ltr' id='par_1_9' title="bbox 855 2491 1846 2571">
     <span class='ocr_line' id='line_1_16' title="bbox 855 2491 1846 2571; baseline 0.001 -19"><span class='ocrx_word' id='word_1_110' title='bbox 855 2496 970 2552; x_wconf 86' lang='lat' dir='ltr'>trorum</span> <span class='ocrx_word' id='word_1_111' title='bbox 983 2492 1098 2567; x_wconf 89' lang='lat' dir='ltr'>Templi</span> <span class='ocrx_word' id='word_1_112' title='bbox 1113 2497 1143 2552; x_wconf 87' lang='grc'>61</span> <span class='ocrx_word' id='word_1_113' title='bbox 1161 2492 1334 2568; x_wconf 88' lang='grc' dir='ltr'>Η666116116,</span> <span class='ocrx_word' id='word_1_114' title='bbox 1350 2491 1464 2553; x_wconf 87' lang='lat' dir='ltr'>nobiles</span> <span class='ocrx_word' id='word_1_115' title='bbox 1481 2494 1564 2570; x_wconf 83' lang='lat' dir='ltr'>regni</span> <span class='ocrx_word' id='word_1_116' title='bbox 1577 2492 1846 2571; x_wconf 85' lang='lat' dir='ltr'>Hiamsolymitani,</span> 
     </span>
    </p>

    <p class='ocr_par' dir='ltr' id='par_1_10' title="bbox 856 2589 1848 2670">
     <span class='ocr_line' id='line_1_17' title="bbox 856 2589 1848 2670; baseline 0.004 -21"><span class='ocrx_word' id='word_1_117' title='bbox 856 2591 936 2649; x_wconf 84' lang='lat' dir='ltr'>cives</span> <span class='ocrx_word' id='word_1_118' title='bbox 948 2589 1133 2650; x_wconf 71' lang='grc'>6666666666</span> <span class='ocrx_word' id='word_1_119' title='bbox 1152 2591 1273 2651; x_wconf 87' lang='grc'>6161166</span> <span class='ocrx_word' id='word_1_120' title='bbox 1292 2590 1332 2650; x_wconf 79' lang='lat' dir='ltr'>acl</span> <span class='ocrx_word' id='word_1_121' title='bbox 1351 2592 1535 2653; x_wconf 87' lang='lat' dir='ltr'>devotionem</span> <span class='ocrx_word' id='word_1_122' title='bbox 1553 2592 1702 2661; x_wconf 83' lang='lat' dir='ltr'>Frlderico</span> <span class='ocrx_word' id='word_1_123' title='bbox 1718 2594 1848 2670; x_wconf 89' lang='lat' dir='ltr'>impera·</span> 
     </span>
    </p>

    <p class='ocr_par' dir='ltr' id='par_1_11' title="bbox 856 2686 1847 2764">
     <span class='ocr_line' id='line_1_18' title="bbox 856 2686 1847 2764; baseline 0.006 -19"><span class='ocrx_word' id='word_1_124' title='bbox 856 2688 915 2746; x_wconf 87' lang='lat' dir='ltr'>tori</span> <span class='ocrx_word' id='word_1_125' title='bbox 925 2693 956 2746; x_wconf 91' lang='lat' dir='ltr'>et</span> <span class='ocrx_word' id='word_1_126' title='bbox 965 2686 1029 2747; x_wconf 88' lang='lat' dir='ltr'>lilio</span> <span class='ocrx_word' id='word_1_127' title='bbox 1042 2691 1107 2764; x_wconf 79' lang='lat' dir='ltr'>ejus</span> <span class='ocrx_word' id='word_1_128' title='bbox 1118 2687 1315 2747; x_wconf 83' lang='lat' dir='ltr'>exhibendam</span> <span class='ocrx_word' id='word_1_129' title='bbox 1328 2687 1461 2748; x_wconf 83' lang='lat' dir='ltr'>inducat.</span> <span class='ocrx_word' id='word_1_130' title='bbox 1790 2700 1847 2751; x_wconf 89' lang='grc'>616</span> 
     </span>
    </p>

    <p class='ocr_par' dir='ltr' id='par_1_12' title="bbox 735 2791 1847 2871">
     <span class='ocr_line' id='line_1_19' title="bbox 735 2791 1847 2871; baseline 0.004 -17"><span class='ocrx_word' id='word_1_131' title='bbox 735 2834 746 2854; x_wconf 85' lang='grc'><strong>.</strong></span> <span class='ocrx_word' id='word_1_132' title='bbox 818 2824 858 2838; x_wconf 94' lang='lat'>-</span> <span class='ocrx_word' id='word_1_133' title='bbox 878 2791 1020 2869; x_wconf 77' lang='lat' dir='ltr'>Magistro</span> <span class='ocrx_word' id='word_1_134' title='bbox 1031 2800 1062 2853; x_wconf 89' lang='lat' dir='ltr'>et</span> <span class='ocrx_word' id='word_1_135' title='bbox 1074 2792 1216 2853; x_wconf 83' lang='lat' dir='ltr'>imtribus</span> <span class='ocrx_word' id='word_1_136' title='bbox 1233 2793 1386 2869; x_wconf 86' lang='lat' dir='ltr'>hospitalis</span> <span class='ocrx_word' id='word_1_137' title='bbox 1400 2794 1658 2871; x_wconf 85' lang='lat' dir='ltr'>llicmsolymiiaul</span> <span class='ocrx_word' id='word_1_138' title='bbox 1677 2794 1799 2856; x_wconf 87' lang='lat' dir='ltr'>mandat</span> <span class='ocrx_word' id='word_1_139' title='bbox 1812 2805 1847 2859; x_wconf 92' lang='lat' dir='ltr'>ut</span> 
     </span>
    </p>

    <p class='ocr_par' dir='ltr' id='par_1_13' title="bbox 858 2890 1848 2969">
     <span class='ocr_line' id='line_1_20' title="bbox 858 2890 1848 2969; baseline 0.006 -20"><span class='ocrx_word' id='word_1_140' title='bbox 858 2891 998 2949; x_wconf 87' lang='lat' dir='ltr'>assistant</span> <span class='ocrx_word' id='word_1_141' title='bbox 1009 2891 1046 2949; x_wconf 89' lang='lat' dir='ltr'>iis</span> <span class='ocrx_word' id='word_1_142' title='bbox 1063 2891 1116 2965; x_wconf 84' lang='lat' dir='ltr'>qui</span> <span class='ocrx_word' id='word_1_143' title='bbox 1134 2891 1167 2949; x_wconf 93' lang='lat' dir='ltr'>in</span> <span class='ocrx_word' id='word_1_144' title='bbox 1186 2904 1279 2965; x_wconf 87' lang='lat' dir='ltr'>regno</span> <span class='ocrx_word' id='word_1_145' title='bbox 1296 2890 1563 2967; x_wconf 84' lang='lat' dir='ltr'>Hierosolymitano</span> <span class='ocrx_word' id='word_1_146' title='bbox 1574 2893 1645 2969; x_wconf 86' lang='lat' dir='ltr'>jura</span> <span class='ocrx_word' id='word_1_147' title='bbox 1663 2892 1848 2969; x_wconf 86' lang='lat' dir='ltr'>imperatoris</span> 
     </span>
    </p>

    <p class='ocr_par' dir='ltr' id='par_1_14' title="bbox 858 2984 1847 3051">
     <span class='ocr_line' id='line_1_21' title="bbox 858 2984 1847 3051; baseline 0.006 -6"><span class='ocrx_word' id='word_1_148' title='bbox 858 2985 999 3045; x_wconf 83' lang='lat' dir='ltr'>adversus</span> <span class='ocrx_word' id='word_1_149' title='bbox 1011 2984 1133 3046; x_wconf 83' lang='lat' dir='ltr'>rebelles</span> <span class='ocrx_word' id='word_1_150' title='bbox 1146 2990 1279 3046; x_wconf 80' lang='lat' dir='ltr'>meatur.</span> <span class='ocrx_word' id='word_1_151' title='bbox 1790 2998 1847 3051; x_wconf 84' lang='grc'>616</span> 
     </span>
    </p>

    <p class='ocr_par' dir='ltr' id='par_1_15' title="bbox 819 3090 1846 3170">
     <span class='ocr_line' id='line_1_22' title="bbox 819 3090 1846 3170; baseline 0.005 -19"><span class='ocrx_word' id='word_1_152' title='bbox 819 3124 859 3137; x_wconf 96' lang='grc'>-</span> <span class='ocrx_word' id='word_1_153' title='bbox 878 3090 1040 3152; x_wconf 86' lang='lat' dir='ltr'>Garoldum</span> <span class='ocrx_word' id='word_1_154' title='bbox 1051 3091 1248 3167; x_wconf 89' lang='lat' dir='ltr'>patriarcham</span> <span class='ocrx_word' id='word_1_155' title='bbox 1263 3092 1581 3170; x_wconf 86' lang='lat' dir='ltr'>Hierosolymitnnum,</span> <span class='ocrx_word' id='word_1_156' title='bbox 1596 3093 1780 3170; x_wconf 73' lang='lat' dir='ltr'>apostolicas</span> <span class='ocrx_word' id='word_1_157' title='bbox 1794 3096 1846 3156; x_wconf 86' lang='lat' dir='ltr'>Se·</span> 
     </span>
    </p>

    <p class='ocr_par' dir='ltr' id='par_1_16' title="bbox 859 3188 1849 3267">
     <span class='ocr_line' id='line_1_23' title="bbox 859 3188 1849 3267; baseline 0.004 -18"><span class='ocrx_word' id='word_1_158' title='bbox 859 3189 906 3249; x_wconf 88' lang='lat' dir='ltr'>dis</span> <span class='ocrx_word' id='word_1_159' title='bbox 918 3188 1059 3267; x_wconf 83' lang='lat' dir='ltr'>legatum,</span> <span class='ocrx_word' id='word_1_160' title='bbox 1073 3194 1195 3249; x_wconf 86' lang='lat' dir='ltr'>revocat</span> <span class='ocrx_word' id='word_1_161' title='bbox 1209 3205 1247 3248; x_wconf 89' lang='lat' dir='ltr'>ue</span> <span class='ocrx_word' id='word_1_162' title='bbox 1268 3192 1395 3265; x_wconf 85' lang='lat' dir='ltr'>suspicio</span> <span class='ocrx_word' id='word_1_163' title='bbox 1413 3206 1504 3267; x_wconf 90' lang='lat' dir='ltr'>quam</span> <span class='ocrx_word' id='word_1_164' title='bbox 1518 3191 1549 3248; x_wconf 95' lang='lat' dir='ltr'>ln</span> <span class='ocrx_word' id='word_1_165' title='bbox 1568 3191 1665 3267; x_wconf 94' lang='lat' dir='ltr'>ipsnm</span> <span class='ocrx_word' id='word_1_166' title='bbox 1683 3190 1849 3253; x_wconf 84' lang='lat' dir='ltr'>Fridaricus</span> 
     </span>
    </p>

    <p class='ocr_par' dir='ltr' id='par_1_17' title="bbox 858 3285 1849 3363">
     <span class='ocr_line' id='line_1_24' title="bbox 858 3285 1849 3363; baseline 0.003 -17"><span class='ocrx_word' id='word_1_167' title='bbox 858 3288 1019 3361; x_wconf 84' lang='lat' dir='ltr'>imperator</span> <span class='ocrx_word' id='word_1_168' title='bbox 1030 3286 1173 3362; x_wconf 87' lang='lat' dir='ltr'>concepit,</span> <span class='ocrx_word' id='word_1_169' title='bbox 1188 3285 1301 3363; x_wconf 80' lang='lat' dir='ltr'>aliquid</span> <span class='ocrx_word' id='word_1_170' title='bbox 1313 3288 1483 3346; x_wconf 78' lang='lat' dir='ltr'>nocumenti</span> <span class='ocrx_word' id='word_1_171' title='bbox 1495 3286 1665 3347; x_wconf 81' lang='grc'>1661661166</span> <span class='ocrx_word' id='word_1_172' title='bbox 1676 3288 1849 3349; x_wconf 77' lang='lat' dir='ltr'>concomites</span> 
     </span>
    </p>

    <p class='ocr_par' dir='ltr' id='par_1_18' title="bbox 858 3382 1847 3469">
     <span class='ocr_line' id='line_1_25' title="bbox 858 3382 1847 3469; baseline 0.003 -26"><span class='ocrx_word' id='word_1_173' title='bbox 858 3382 965 3443; x_wconf 87' lang='lat' dir='ltr'>alierre</span> <span class='ocrx_word' id='word_1_174' title='bbox 977 3384 1080 3459; x_wconf 87' lang='lat' dir='ltr'>possit.</span> <span class='ocrx_word' id='word_1_175' title='bbox 1652 3390 1800 3469; x_wconf 60' lang='grc'>6116661.</span> <span class='ocrx_word' id='word_1_176' title='bbox 1818 3394 1847 3446; x_wconf 94' lang='grc'>1.</span> 
     </span>
    </p>

    <p class='ocr_par' dir='ltr' id='par_1_19' title="bbox 449 3488 1849 3665">
     <span class='ocr_line' id='line_1_26' title="bbox 449 3488 1848 3569; baseline 0.001 -19"><span class='ocrx_word' id='word_1_177' title='bbox 449 3505 483 3557; x_wconf 79' lang='lat'>21</span> <span class='ocrx_word' id='word_1_178' title='bbox 498 3504 556 3559; x_wconf 77' lang='lat' dir='ltr'>oet.</span> <span class='ocrx_word' id='word_1_179' title='bbox 615 3489 778 3569; x_wconf 77' lang='lat' dir='ltr'>Anagniae.</span> <span class='ocrx_word' id='word_1_180' title='bbox 820 3520 862 3536; x_wconf 96' lang='lat'>-</span> <span class='ocrx_word' id='word_1_181' title='bbox 879 3488 1029 3551; x_wconf 77' lang='lat' dir='ltr'>Friclerico</span> <span class='ocrx_word' id='word_1_182' title='bbox 1051 3488 1253 3549; x_wconf 84' lang='lat' dir='ltr'>Romanorum</span> <span class='ocrx_word' id='word_1_183' title='bbox 1282 3488 1449 3565; x_wconf 85' lang='lat' dir='ltr'>imperatori</span> <span class='ocrx_word' id='word_1_184' title='bbox 1476 3491 1595 3551; x_wconf 89' lang='grc'>6661161</span> <span class='ocrx_word' id='word_1_185' title='bbox 1619 3492 1658 3551; x_wconf 82' lang='grc'>11.</span> <span class='ocrx_word' id='word_1_186' title='bbox 1684 3491 1848 3551; x_wconf 88' lang='lat' dir='ltr'>Ostiensem</span> 
     </span>
     <span class='ocr_line' id='line_1_27' title="bbox 860 3585 1849 3665; baseline 0 -17"><span class='ocrx_word' id='word_1_187' title='bbox 860 3587 984 3649; x_wconf 84' lang='lat' dir='ltr'>electum</span> <span class='ocrx_word' id='word_1_188' title='bbox 998 3592 1028 3646; x_wconf 83' lang='lat' dir='ltr'>et</span> <span class='ocrx_word' id='word_1_189' title='bbox 1047 3588 1082 3647; x_wconf 91' lang='grc' dir='ltr'>Τ.</span> <span class='ocrx_word' id='word_1_190' title='bbox 1099 3587 1223 3647; x_wconf 84' lang='lat' dir='ltr'>Sanctae</span> <span class='ocrx_word' id='word_1_191' title='bbox 1236 3585 1363 3646; x_wconf 89' lang='lat' dir='ltr'>Sabinas</span> <span class='ocrx_word' id='word_1_192' title='bbox 1381 3585 1583 3665; x_wconf 85' lang='lat' dir='ltr'>presbyterum</span> <span class='ocrx_word' id='word_1_193' title='bbox 1596 3588 1773 3648; x_wconf 78' lang='lat' dir='ltr'>cardinalem</span> <span class='ocrx_word' id='word_1_194' title='bbox 1787 3605 1805 3648; x_wconf 91' lang='lat' dir='ltr'>a</span> <span class='ocrx_word' id='word_1_195' title='bbox 1818 3606 1849 3649; x_wconf 90' lang='lat' dir='ltr'>sc</span> 
     </span>
    </p>

    <p class='ocr_par' dir='ltr' id='par_1_20' title="bbox 860 3682 1850 3762">
     <span class='ocr_line' id='line_1_28' title="bbox 860 3682 1850 3762; baseline 0 -17"><span class='ocrx_word' id='word_1_196' title='bbox 860 3684 1025 3746; x_wconf 87' lang='lat' dir='ltr'>Vltcrbium</span> <span class='ocrx_word' id='word_1_197' title='bbox 1038 3682 1130 3743; x_wconf 79' lang='lat' dir='ltr'>luisse</span> <span class='ocrx_word' id='word_1_198' title='bbox 1147 3685 1270 3762; x_wconf 85' lang='lat' dir='ltr'>missos,</span> <span class='ocrx_word' id='word_1_199' title='bbox 1284 3684 1471 3759; x_wconf 86' lang='lat' dir='ltr'>postulatque</span> <span class='ocrx_word' id='word_1_200' title='bbox 1484 3690 1519 3744; x_wconf 92' lang='lat' dir='ltr'>ut</span> <span class='ocrx_word' id='word_1_201' title='bbox 1532 3684 1571 3743; x_wconf 85' lang='lat' dir='ltr'>ad</span> <span class='ocrx_word' id='word_1_202' title='bbox 1585 3684 1783 3747; x_wconf 76' lang='lat' dir='ltr'>viterbienses</span> <span class='ocrx_word' id='word_1_203' title='bbox 1796 3702 1850 3762; x_wconf 90' lang='lat' dir='ltr'>pro</span> 
     </span>
    </p>

    <p class='ocr_par' dir='ltr' id='par_1_21' title="bbox 861 3780 1847 3858">
     <span class='ocr_line' id='line_1_29' title="bbox 861 3780 1847 3858; baseline 0 -15"><span class='ocrx_word' id='word_1_204' title='bbox 861 3783 992 3844; x_wconf 83' lang='grc'>6666666</span> <span class='ocrx_word' id='word_1_205' title='bbox 1005 3798 1074 3842; x_wconf 91' lang='lat' dir='ltr'>cum</span> <span class='ocrx_word' id='word_1_206' title='bbox 1086 3781 1228 3841; x_wconf 87' lang='lat' dir='ltr'>Romanis</span> <span class='ocrx_word' id='word_1_207' title='bbox 1241 3796 1313 3858; x_wconf 87' lang='lat' dir='ltr'>pace</span> <span class='ocrx_word' id='word_1_208' title='bbox 1325 3782 1388 3857; x_wconf 87' lang='lat' dir='ltr'>ipsa</span> <span class='ocrx_word' id='word_1_209' title='bbox 1401 3780 1520 3841; x_wconf 87' lang='lat' dir='ltr'>scribat.</span> <span class='ocrx_word' id='word_1_210' title='bbox 1790 3792 1847 3843; x_wconf 82' lang='grc'>161</span> 
     </span>
    </p>

    <p class='ocr_par' dir='ltr' id='par_1_22' title="bbox 449 3887 1852 4063">
     <span class='ocr_line' id='line_1_30' title="bbox 449 3887 1852 3966; baseline 0.001 -18"><span class='ocrx_word' id='word_1_211' title='bbox 449 3905 487 3959; x_wconf 79' lang='lat' dir='ltr'>ni</span> <span class='ocrx_word' id='word_1_212' title='bbox 500 3904 560 3960; x_wconf 67' lang='lat' dir='ltr'>oct,</span> <span class='ocrx_word' id='word_1_213' title='bbox 617 3887 782 3965; x_wconf 79' lang='lat' dir='ltr'>Anagniae.</span> <span class='ocrx_word' id='word_1_214' title='bbox 822 3922 863 3937; x_wconf 89' lang='lat'><em>-</em></span> <span class='ocrx_word' id='word_1_215' title='bbox 881 3890 1030 3951; x_wconf 88' lang='lat' dir='ltr'>Fridcrioo</span> <span class='ocrx_word' id='word_1_216' title='bbox 1042 3889 1245 3949; x_wconf 86' lang='lat' dir='ltr'>Romancmm</span> <span class='ocrx_word' id='word_1_217' title='bbox 1259 3888 1427 3963; x_wconf 88' lang='lat' dir='ltr'>imperatori</span> <span class='ocrx_word' id='word_1_218' title='bbox 1440 3894 1537 3966; x_wconf 86' lang='lat' dir='ltr'>grates</span> <span class='ocrx_word' id='word_1_219' title='bbox 1550 3888 1612 3965; x_wconf 88' lang='lat' dir='ltr'>egit</span> <span class='ocrx_word' id='word_1_220' title='bbox 1624 3887 1704 3964; x_wconf 85' lang='lat' dir='ltr'>qnod</span> <span class='ocrx_word' id='word_1_221' title='bbox 1717 3887 1852 3949; x_wconf 86' lang='lat' dir='ltr'>releren-</span> 
     </span>
     <span class='ocr_line' id='line_1_31' title="bbox 861 3986 1851 4063; baseline -0.001 -15"><span class='ocrx_word' id='word_1_222' title='bbox 861 3988 941 4048; x_wconf 82' lang='lat' dir='ltr'>tibus</span> <span class='ocrx_word' id='word_1_223' title='bbox 963 3990 1027 4063; x_wconf 78' lang='lat' dir='ltr'>ejus</span> <span class='ocrx_word' id='word_1_224' title='bbox 1048 3986 1177 4058; x_wconf 87' lang='lat' dir='ltr'>nuntiis,</span> <span class='ocrx_word' id='word_1_225' title='bbox 1200 3986 1284 4060; x_wconf 92' lang='lat' dir='ltr'>pium</span> <span class='ocrx_word' id='word_1_226' title='bbox 1303 3986 1484 4061; x_wconf 89' lang='lat' dir='ltr'>propositum</span> <span class='ocrx_word' id='word_1_227' title='bbox 1508 3986 1674 4061; x_wconf 88' lang='lat' dir='ltr'>conceperit</span> <span class='ocrx_word' id='word_1_228' title='bbox 1695 3991 1726 4045; x_wconf 89' lang='lat' dir='ltr'>et</span> <span class='ocrx_word' id='word_1_229' title='bbox 1747 3988 1851 4063; x_wconf 93' lang='lat' dir='ltr'>spiritu</span> 
     </span>
    </p>

    <p class='ocr_par' dir='ltr' id='par_1_23' title="bbox 862 4078 1852 4157">
     <span class='ocr_line' id='line_1_32' title="bbox 862 4078 1852 4157; baseline -0.002 -13"><span class='ocrx_word' id='word_1_230' title='bbox 862 4084 1014 4144; x_wconf 87' lang='lat' dir='ltr'>charitatis</span> <span class='ocrx_word' id='word_1_231' title='bbox 1033 4082 1180 4142; x_wconf 77' lang='lat' dir='ltr'>Ecclesiae</span> <span class='ocrx_word' id='word_1_232' title='bbox 1196 4083 1235 4141; x_wconf 91' lang='lat' dir='ltr'>sit</span> <span class='ocrx_word' id='word_1_233' title='bbox 1253 4082 1370 4151; x_wconf 85' lang='lat' dir='ltr'>unitus;</span> <span class='ocrx_word' id='word_1_234' title='bbox 1387 4080 1465 4140; x_wconf 88' lang='lat' dir='ltr'>unde</span> <span class='ocrx_word' id='word_1_235' title='bbox 1478 4082 1624 4157; x_wconf 85' lang='lat' dir='ltr'>pmmittit</span> <span class='ocrx_word' id='word_1_236' title='bbox 1643 4078 1724 4157; x_wconf 79' lang='lat' dir='ltr'>quoti</span> <span class='ocrx_word' id='word_1_237' title='bbox 1743 4083 1775 4141; x_wconf 95' lang='lat' dir='ltr'>in</span> <span class='ocrx_word' id='word_1_238' title='bbox 1798 4100 1852 4143; x_wconf 89' lang='lat' dir='ltr'>ne·</span> 
     </span>
    </p>

    <p class='ocr_par' dir='ltr' id='par_1_24' title="bbox 864 4176 1852 4257">
     <span class='ocr_line' id='line_1_33' title="bbox 864 4176 1852 4257; baseline 0 -19"><span class='ocrx_word' id='word_1_239' title='bbox 864 4181 945 4257; x_wconf 79' lang='lat' dir='ltr'>gotio</span> <span class='ocrx_word' id='word_1_240' title='bbox 964 4177 1034 4237; x_wconf 86' lang='lat' dir='ltr'>iidel</span> <span class='ocrx_word' id='word_1_241' title='bbox 1053 4183 1083 4237; x_wconf 89' lang='grc'>61</span> <span class='ocrx_word' id='word_1_242' title='bbox 1100 4180 1132 4236; x_wconf 89' lang='grc'>16</span> <span class='ocrx_word' id='word_1_243' title='bbox 1152 4178 1364 4236; x_wconf 86' lang='lat' dir='ltr'>restauratione</span> <span class='ocrx_word' id='word_1_244' title='bbox 1378 4176 1492 4254; x_wconf 77' lang='lat' dir='ltr'>jurium</span> <span class='ocrx_word' id='word_1_245' title='bbox 1511 4177 1627 4253; x_wconf 87' lang='lat' dir='ltr'>imperii</span> <span class='ocrx_word' id='word_1_246' title='bbox 1643 4176 1701 4252; x_wconf 92' lang='lat' dir='ltr'>ipsi</span> <span class='ocrx_word' id='word_1_247' title='bbox 1720 4177 1852 4238; x_wconf 84' lang='lat' dir='ltr'>Ecclesia</span> 
     </span>
    </p>

    <p class='ocr_par' dir='ltr' id='par_1_25' title="bbox 862 4276 1850 4353">
     <span class='ocr_line' id='line_1_34' title="bbox 862 4276 1850 4353; baseline -0.002 -17"><span class='ocrx_word' id='word_1_248' title='bbox 862 4293 922 4337; x_wconf 91' lang='lat' dir='ltr'>non</span> <span class='ocrx_word' id='word_1_249' title='bbox 936 4276 1040 4336; x_wconf 74' lang='lat' dir='ltr'>cisami.</span> <span class='ocrx_word' id='word_1_250' title='bbox 1707 4281 1778 4353; x_wconf 81' lang='grc'>161,</span> <span class='ocrx_word' id='word_1_251' title='bbox 1793 4282 1850 4334; x_wconf 81' lang='grc'>161</span> 
     </span>
    </p>

    <p class='ocr_par' dir='ltr' id='par_1_26' title="bbox 458 4377 1853 4555">
     <span class='ocr_line' id='line_1_35' title="bbox 458 4377 1853 4461; baseline -0.005 -16"><span class='ocrx_word' id='word_1_252' title='bbox 458 4403 475 4455; x_wconf 76' lang='grc'>6</span> <span class='ocrx_word' id='word_1_253' title='bbox 490 4394 555 4456; x_wconf 70' lang='lat'><strong>(100,</strong></span> <span class='ocrx_word' id='word_1_254' title='bbox 619 4382 782 4461; x_wconf 76' lang='lat' dir='ltr'>Anagniae.</span> <span class='ocrx_word' id='word_1_255' title='bbox 823 4412 865 4429; x_wconf 92' lang='lat'><em>-</em></span> <span class='ocrx_word' id='word_1_256' title='bbox 883 4382 1033 4443; x_wconf 80' lang='lat' dir='ltr'>Friclerico</span> <span class='ocrx_word' id='word_1_257' title='bbox 1050 4381 1251 4441; x_wconf 85' lang='lat' dir='ltr'>Romanorum</span> <span class='ocrx_word' id='word_1_258' title='bbox 1268 4378 1436 4455; x_wconf 89' lang='lat' dir='ltr'>imperatori</span> <span class='ocrx_word' id='word_1_259' title='bbox 1453 4377 1640 4454; x_wconf 85' lang='lat' dir='ltr'>conqueritur</span> <span class='ocrx_word' id='word_1_260' title='bbox 1659 4378 1741 4455; x_wconf 84' lang='lat' dir='ltr'>qnod</span> <span class='ocrx_word' id='word_1_261' title='bbox 1763 4377 1853 4438; x_wconf 87' lang='lat' dir='ltr'>Sara-</span> 
     </span>
     <span class='ocr_line' id='line_1_36' title="bbox 864 4473 1852 4555; baseline -0.004 -16"><span class='ocrx_word' id='word_1_262' title='bbox 864 4481 930 4539; x_wconf 91' lang='lat' dir='ltr'>ceni</span> <span class='ocrx_word' id='word_1_263' title='bbox 943 4478 1069 4555; x_wconf 78' lang='lat' dir='ltr'>Apuliae</span> <span class='ocrx_word' id='word_1_264' title='bbox 1081 4477 1234 4537; x_wconf 78' lang='lat' dir='ltr'>ecclesiam</span> <span class='ocrx_word' id='word_1_265' title='bbox 1249 4476 1349 4537; x_wconf 88' lang='lat' dir='ltr'>Sancti</span> <span class='ocrx_word' id='word_1_266' title='bbox 1361 4475 1440 4535; x_wconf 87' lang='lat' dir='ltr'>Petri</span> <span class='ocrx_word' id='word_1_267' title='bbox 1454 4476 1486 4533; x_wconf 92' lang='lat' dir='ltr'>ln</span> <span class='ocrx_word' id='word_1_268' title='bbox 1498 4473 1610 4552; x_wconf 84' lang='lat' dir='ltr'>Bangio</span> <span class='ocrx_word' id='word_1_269' title='bbox 1622 4474 1765 4551; x_wconf 79' lang='lat' dir='ltr'>Fojotano</span> <span class='ocrx_word' id='word_1_270' title='bbox 1781 4474 1852 4535; x_wconf 87' lang='lat' dir='ltr'>fun-</span> 
     </span>
    </p>

    <p class='ocr_par' dir='ltr' id='par_1_27' title="bbox 864 4570 1853 4651">
     <span class='ocr_line' id='line_1_37' title="bbox 864 4570 1853 4651; baseline -0.003 -15"><span class='ocrx_word' id='word_1_271' title='bbox 864 4575 945 4636; x_wconf 81' lang='lat' dir='ltr'>‹litus</span> <span class='ocrx_word' id='word_1_272' title='bbox 963 4576 1122 4649; x_wconf 84' lang='lat' dir='ltr'>diruerint,</span> <span class='ocrx_word' id='word_1_273' title='bbox 1146 4574 1258 4651; x_wconf 87' lang='lat' dir='ltr'>lapides</span> <span class='ocrx_word' id='word_1_274' title='bbox 1276 4578 1306 4633; x_wconf 91' lang='lat' dir='ltr'>et</span> <span class='ocrx_word' id='word_1_275' title='bbox 1323 4572 1485 4649; x_wconf 77' lang='lat' dir='ltr'>lignamine</span> <span class='ocrx_word' id='word_1_276' title='bbox 1504 4574 1568 4649; x_wconf 76' lang='lat' dir='ltr'>ejus</span> <span class='ocrx_word' id='word_1_277' title='bbox 1585 4570 1766 4647; x_wconf 86' lang='lat' dir='ltr'>deportando</span> <span class='ocrx_word' id='word_1_278' title='bbox 1790 4572 1853 4633; x_wconf 91' lang='lat' dir='ltr'>Ln-</span> 
     </span>
    </p>

    <p class='ocr_par' dir='ltr' id='par_1_28' title="bbox 438 4650 1855 4949">
     <span class='ocr_line' id='line_1_38' title="bbox 454 4650 1852 4749; baseline 0.002 -22"><span class='ocrx_word' id='word_1_279' title='bbox 454 4650 565 4727; x_wconf 76' lang='grc'>1255</span> <span class='ocrx_word' id='word_1_280' title='bbox 864 4676 972 4733; x_wconf 84' lang='lat' dir='ltr'>ceriam</span> <span class='ocrx_word' id='word_1_281' title='bbox 985 4674 1114 4749; x_wconf 85' lang='lat' dir='ltr'>proauis</span> <span class='ocrx_word' id='word_1_282' title='bbox 1132 4670 1274 4732; x_wconf 81' lang='grc'>6611116116</span> <span class='ocrx_word' id='word_1_283' title='bbox 1287 4668 1499 4731; x_wconf 87' lang='lat' dir='ltr'>construendis.</span> <span class='ocrx_word' id='word_1_284' title='bbox 1794 4678 1852 4730; x_wconf 83' lang='grc'>106</span> 
     </span>
     <span class='ocr_line' id='line_1_39' title="bbox 438 4753 1855 4859; baseline -0.004 -19"><span class='ocrx_word' id='word_1_285' title='bbox 438 4753 577 4840; x_wconf 57' lang='lat' dir='ltr'>W</span> <span class='ocrx_word' id='word_1_286' title='bbox 619 4779 784 4859; x_wconf 75' lang='lat' dir='ltr'>Anagniae.</span> <span class='ocrx_word' id='word_1_287' title='bbox 825 4810 865 4827; x_wconf 86' lang='lat'>·-</span> <span class='ocrx_word' id='word_1_288' title='bbox 885 4779 1067 4839; x_wconf 71' lang='grc'>1611161666</span> <span class='ocrx_word' id='word_1_289' title='bbox 1079 4779 1279 4839; x_wconf 83' lang='lat' dir='ltr'>Romanormn</span> <span class='ocrx_word' id='word_1_290' title='bbox 1293 4778 1497 4851; x_wconf 82' lang='lat' dir='ltr'>imperatorem</span> <span class='ocrx_word' id='word_1_291' title='bbox 1515 4774 1659 4835; x_wconf 85' lang='lat' dir='ltr'>instanter</span> <span class='ocrx_word' id='word_1_292' title='bbox 1671 4772 1807 4834; x_wconf 88' lang='lat' dir='ltr'>hortatur</span> <span class='ocrx_word' id='word_1_293' title='bbox 1820 4780 1855 4835; x_wconf 91' lang='lat' dir='ltr'>ut</span> 
     </span>
     <span class='ocr_line' id='line_1_40' title="bbox 866 4870 1855 4949; baseline -0.005 -13"><span class='ocrx_word' id='word_1_294' title='bbox 866 4876 905 4936; x_wconf 77' lang='lat' dir='ltr'>ari</span> <span class='ocrx_word' id='word_1_295' title='bbox 921 4876 986 4936; x_wconf 89' lang='lat' dir='ltr'>loca</span> <span class='ocrx_word' id='word_1_296' title='bbox 1005 4874 1062 4936; x_wconf 87' lang='lat' dir='ltr'>sibi</span> <span class='ocrx_word' id='word_1_297' title='bbox 1082 4877 1182 4935; x_wconf 76' lang='lat' dir='ltr'>sicine</span> <span class='ocrx_word' id='word_1_298' title='bbox 1200 4876 1265 4935; x_wconf 87' lang='lat' dir='ltr'>sine</span> <span class='ocrx_word' id='word_1_299' title='bbox 1284 4888 1369 4933; x_wconf 89' lang='lat' dir='ltr'>mora</span> <span class='ocrx_word' id='word_1_300' title='bbox 1390 4877 1419 4931; x_wconf 90' lang='lat' dir='ltr'>et</span> <span class='ocrx_word' id='word_1_301' title='bbox 1441 4870 1579 4933; x_wconf 91' lang='lat' dir='ltr'>omuibus</span> <span class='ocrx_word' id='word_1_302' title='bbox 1601 4870 1667 4931; x_wconf 89' lang='lat' dir='ltr'>aliis</span> <span class='ocrx_word' id='word_1_303' title='bbox 1687 4871 1855 4949; x_wconf 88' lang='lat' dir='ltr'>postpositis</span> 
     </span>
    </p>
   </div>
   <div class='ocr_carea' id='block_1_5' title="bbox 0 0 2452 6356">
    <p class='ocr_par' dir='ltr' id='par_1_29' title="bbox 0 0 2452 6356">
     <span class='ocr_line' id='line_1_41' title="bbox 0 0 2452 6356; baseline 0 0"><span class='ocrx_word' id='word_1_304' title='bbox 0 0 2452 6356; x_wconf 95' lang='lat' dir='ltr'> </span> 
     </span>
    </p>
   </div>
  </div>
 </body>
</html>
