4859 6359
629 734 691 796 aaa
1129 728 1342 796 saturaret
1368 732 1542 794 sacuam
1850 731 1930 810 [nn.
1949 731 2033 794 raas.

629 869 678 950 de
699 891 792 976 pace
812 865 1036 972 reformata,
1060 866 1286 976 nuntiatque
1311 866 1602 976 imperatorem,
1632 861 1711 944 filio
1737 862 1857 972 ipsius
1880 865 1930 946 ad
1956 864 2039 974 ejus

630 999 795 1112 gratiam
817 999 1036 1105 accedente,
1056 1024 1146 1079 suas
1159 999 1262 1106 apud
1275 999 1528 1084 Wormatiam
1546 996 1698 1106 nuptias
1715 995 1981 1104 celebravisse,
2001 1006 2039 1080 et

629 1133 775 1218 curiam
793 1131 1002 1216 solemnem
1020 1133 1070 1214 ad
1087 1131 1322 1241 Moguntiam
1339 1132 1534 1214 indixisse.

708 1321 811 1401 (mid.
827 1320 1003 1394 Scaeam,
1023 1317 1150 1382 vindan
1165 1315 1445 1400 utta.,tom.1‚p.
1461 1322 1545 1394 roo.)

674 1480 896 1553 sanctissimo
906 1479 995 1574 patri
1009 1501 1051 1552 ac
1062 1479 1202 1552 domiuo
1212 1500 1277 1553 suo
1291 1477 1332 1550 G.
1348 1485 1561 1552 sacrosancte
1572 1477 1725 1550 Romane
1733 1475 1885 1550 Ecclesia
1900 1498 2036 1550 summo

625 1602 797 1700 pontifici,
829 1601 1007 1676 Corradus
1025 1604 1089 1677 Dei
1115 1605 1225 1698 gratia
1244 1603 1550 1678 hildesheimensis
1562 1601 1746 1698 episcopus
1763 1609 1955 1698 promptum
1971 1623 2035 1674 sue

491 1712 499 1724 ⁸
626 1727 862 1824 possibilitatis
876 1726 1108 1801 obedientiam
1126 1737 1161 1800 et
1178 1727 1353 1802 devotam.
1375 1727 1460 1800 Cum
1477 1747 1539 1822 per
1554 1725 1804 1798 incrementum
1822 1733 1857 1798 et
1870 1725 2034 1798 honorem

624 1863 742 1951 sancte
759 1852 877 1925 matris
893 1851 1044 1925 Ecclesia
1061 1862 1191 1926 crescat
1207 1861 1243 1924 et
1258 1851 1415 1949 proficiat
1429 1852 1540 1925 honor
1562 1850 1642 1937 Dei,
1664 1871 1735 1924 non
1760 1849 1929 1922 immerito
1953 1869 2034 1922 cou-

625 1975 817 2069 gratulatur
843 1987 878 2048 et
902 1975 1097 2069 congaudet
1125 1975 1287 2050 universe
1311 1975 1548 2048 christianitati
1571 1994 1675 2070 super
1692 1994 1735 2048 eo
1749 1971 1861 2067 quod,
1881 1971 2034 2045 Ecclesia

623 2100 776 2173 Romana
793 2120 873 2171 cum
886 2099 1026 2172 honoris
1046 2108 1141 2172 tanto
1159 2102 1315 2196 proiectu
1336 2101 1519 2173 reformata
1539 2107 1580 2171 ut
1604 2097 1731 2171 dicitur
1748 2117 1811 2192 per
1826 2117 1945 2192 pacem
1958 2093 2031 2190 (l),

623 2244 703 2319 spes
720 2224 835 2294 lutura
855 2222 1110 2316 tranquillitatis
1127 2231 1162 2294 ct
1176 2224 1272 2319 pacis
1286 2223 1533 2321 repromittitur
1556 2221 1709 2296 ecclesiis
1733 2220 1918 2294 universis.
1947 2219 2034 2292 liinc

623 2356 676 2419 est
686 2346 792 2419 etiam
810 2347 907 2440 quod
922 2346 1031 2419 Sedes
1043 2347 1240 2442 apostolica
1255 2371 1325 2422 non
1341 2359 1473 2423 tautum
1488 2348 1576 2440 suis,
1593 2347 1656 2420 sed
1667 2345 1868 2419 devotorum
1889 2343 1965 2435 ejus
1978 2342 2033 2412 in-

622 2471 805 2544 crementis
824 2470 1025 2563 intendens,
1053 2472 1265 2568 imperialem
1281 2482 1407 2548 statum
1428 2473 1626 2570 provehens
1641 2471 1678 2542 in
1698 2469 1862 2560 sublime,
1887 2466 2033 2560 glorioso

620 2595 760 2668 domino
777 2595 974 2689 imperatori
987 2617 1049 2691 per
1061 2606 1215 2669 vestrum
1227 2598 1382 2672 savorem
1395 2607 1430 2672 et
1443 2597 1603 2672 divinum
1617 2594 1799 2668 comilium
1823 2593 1859 2664 in
1878 2591 2033 2688 partibus

620 2718 823 2793 Alamannia
839 2729 974 2793 mutum
987 2722 1178 2818 prosperari
1190 2724 1360 2796 concessit
1372 2733 1412 2796 ut
1428 2721 1590 2794 omnibus
1606 2720 1653 2794 ad
1676 2721 1753 2812 ejus
1765 2727 1888 2792 votum
1904 2715 2032 2790 ceden-

620 2842 731 2934 tibus,
748 2852 818 2916 tam
835 2846 982 2938 majores
996 2866 1102 2940 quam
1122 2847 1271 2920 minores
1290 2847 1479 2942 principes,
1503 2845 1599 2918 omni
1622 2842 1815 2918 resistentia
1834 2851 1870 2914 et
1892 2849 2033 2914 contra·

620 2966 773 3042 dictione
793 2977 947 3061 remota,
968 2968 1016 3042 ad
1036 2970 1249 3044 voluntatem
1264 2971 1341 3063 ejm
1356 2971 1513 3044 inueniat
1527 2967 1709 3044 benivolos
1726 2975 1762 3040 et
1777 2973 1927 3063 paratos.
1947 2963 2033 3036 Filio

619 3091 792 3186 siquidem
812 3092 924 3188 ipsius
936 3093 983 3168 ad
998 3095 1074 3187 ejus
1098 3094 1244 3187 gratiam
1260 3093 1464 3184 accedente,
1491 3115 1605 3168 coram
1621 3091 1781 3188 pluribus
1795 3087 2029 3186 principibus,

620 3216 886 3312 archiepiscopis
897 3226 931 3288 et
944 3217 1128 3314 episcopis,
1141 3218 1302 3307 ducibus,
1323 3219 1594 3306 marchionibus,
1612 3215 1801 3290 baronibus
1811 3223 1846 3286 at
1857 3211 2033 3286 nobilibus

621 3341 737 3412 multis
753 3339 849 3436 apud
866 3341 1089 3414 Warmatiam
1115 3342 1174 3415 die
1198 3341 1320 3416 iduum
1342 3343 1422 3437 julii
1440 3365 1522 3416 suas
1546 3341 1684 3438 nuptias
1701 3337 1924 3433 solempniter
1936 3336 2033 3416 cele-

622 3461 1069 3560 brevit(2),c0nseqneuter
1077 3468 1370 3541 auctoreDomino
1381 3467 1492 3542 iturus
1503 3465 1717 3560 Mogontiam
1731 3463 1777 3537 ad
1790 3458 2030 3536 celebrandam

622 3587 752 3659 curiam
766 3587 896 3660 ibidem
910 3589 947 3660 in
964 3588 1208 3686 Amumptione
1221 3593 1325 3664 Beate
1336 3591 1500 3686 Virginis,
1513 3591 1559 3664 ad
1571 3611 1677 3685 quam
1690 3586 1844 3660 universi
1859 3585 2032 3682 principes

621 3709 824 3782 Alamannia
839 3711 931 3782 sicut
943 3721 1099 3807 speratur
1115 3723 1311 3807 occurrent,
1340 3715 1384 3788 de
1404 3715 1556 3808 generali
1580 3714 1672 3787 bono
1690 3711 1786 3808 pacis
1801 3719 1836 3782 et
1851 3706 2032 3783 commodo

620 3833 723 3907 totius
729 3834 881 3908 Ecclesia
889 3845 1050 3909 mutuum
1059 3839 1240 3912 consilium
1255 3839 1419 3912 habituri.
1432 3841 1577 3932 Negotia
1588 3859 1672 3912 veru
1685 3833 1829 3910 ecclesie
1840 3830 2030 3906 admodum

619 3955 729 4029 ardna
755 3959 918 4052 magistro
935 3961 979 4032 Η.
1000 3961 1123 4034 clerico
1146 3983 1225 4036 meo
1250 3974 1380 4036 secreto
1403 3963 1579 4054 commisi,
1604 3981 1720 4036 coram
1738 3957 1840 4030 vobis
1863 3956 1900 4027 in
1917 3963 2031 4026 vestre

620 4081 809 4154 sanctitatis
824 4084 996 4178 presentia
1011 4086 1237 4180 exponenda3
1265 4088 1462 4183 supplicans
1482 4086 1658 4160 humiliter
1675 4091 1710 4156 et
1726 4081 1852 4155 devote
1863 4077 1961 4174 quod
1975 4077 2030 4148 iu·

619 4207 708 4279 tuitn
722 4207 841 4281 divine
857 4211 1158 4304 remunerationis,
1180 4214 1285 4305 juxta
1314 4223 1512 4287 consuetam
1535 4210 1731 4309 Apostohce
1756 4205 1855 4280 Sedis
1879 4205 2030 4279 clemen·

618 4331 720 4420 ham,
738 4331 870 4406 eisdem
885 4334 1033 4427 negotiis
1046 4336 1199 4408 favorem
1214 4347 1250 4409 et
1268 4337 1448 4411 cousihum
1466 4335 1686 4434 impendatis.

655 4556 692 4631 (t)
709 4557 817 4616 Scilicet
827 4574 881 4634 pax
891 4574 954 4616 cum
965 4560 1093 4618 Romanis
1105 4561 1181 4619 inita.
1193 4561 1256 4619 Vid.
1270 4577 1352 4638 supra
1363 4577 1392 4637 p.
1409 4565 1472 4632 536,
1489 4567 1545 4620 not.
1561 4565 1589 4618 t.

655 4653 690 4727 (a)
708 4653 774 4712 aaa
787 4655 872 4728 atqua
885 4657 913 4712 a
926 4656 1094 4716 ananau
1112 4659 1268 4733 asponam
1281 4659 1423 4732 arraona,
1436 4641 1589 4735 anamotus
1607 4657 1751 4716 sanaem
1771 4651 1890 4711 aarum
1903 4649 1942 4706 aa
1955 4645 2028 4704 nar-

617 4752 742 4906 giffim
754 4759 866 4826 lma
876 4753 1029 4828 ptmbum
1040 4761 1071 4813 ut
1080 4761 1223 4830 caperetur
1233 4763 1261 4815 et
1272 4773 1381 4816 caraem
1394 4757 1557 4816 detineretur
1570 4775 1579 4812 r
1590 4755 1663 4832 quod
1676 4759 1765 4814 amen
1779 4755 1840 4826 post
1857 4746 1957 4820 aliquot
1969 4743 2028 4800 dics
