4859 6359
651 768 713 831 880
1145 772 1359 833 ltlnhlttct
1384 772 1558 835 sacello!
1869 770 1947 851 [Ata.
1965 772 2049 836 12³6.

650 903 774 975 habeat
786 903 914 997 aliquis
925 906 1115 979 contrarius
1128 917 1189 979 aut
1205 908 1379 1003 malignus
1395 908 1577 1005 interpres,
1598 907 1658 1001 qui
1676 906 1775 1001 quod
1790 928 1854 979 nos
1869 928 1932 1003 pro
1948 930 2052 981 recu-

649 1026 826 1123 peratione
843 1038 1033 1101 nostrorum
1051 1030 1182 1123 jurium
1200 1032 1358 1119 iacimus,
1376 1032 1442 1103 hoc
1463 1052 1543 1103 cnm
1558 1030 1701 1103 aliorum
1719 1030 1843 1123 injuria
1863 1052 1927 1105 nos
1941 1033 2051 1105 tacere

650 1152 737 1223 lorte
749 1150 935 1245 describat,
956 1162 1017 1225 aut
1030 1154 1277 1227 incrementum
1295 1155 1423 1248 negotii
1440 1156 1542 1227 Terre
1557 1154 1680 1226 Sancte
1694 1174 1781 1247 que,
1794 1152 2050 1225 velutCunredi

650 1274 820 1347 karissimi
838 1273 897 1345 lilii
912 1277 1020 1349 nostri
1039 1287 1191 1350 materna
1210 1278 1400 1367 sucoessio,
1420 1298 1481 1373 pre
1496 1278 1617 1351 ceteris
1640 1288 1728 1350 terro
1741 1277 1958 1373 principibus
1971 1298 2050 1371 spo-

650 1398 772 1470 cialius
789 1420 852 1471 nos
865 1400 1044 1493 contingit,
1065 1402 1325 1495 pretermittere3
1347 1404 1460 1493 cujus,
1476 1410 1516 1471 ut
1535 1400 1701 1491 diximus,
1714 1401 1791 1473 lieet
1807 1420 1872 1472 nos
1887 1400 2051 1493 astringat

650 1522 696 1595 ad
714 1544 855 1617 presens
872 1524 1034 1597 instantia
1049 1526 1277 1615 necessitatis,
1311 1535 1424 1597 umen
1441 1525 1631 1621 periculum
1654 1547 1723 1600 uon
1741 1526 1914 1617 astringit,
1933 1536 2050 1618 utpote

649 1647 780 1739 treugis
794 1648 884 1720 inter
898 1668 962 1719 nos
977 1657 1012 1720 et
1026 1648 1207 1721 soldanum
1227 1650 1320 1721 initis
1340 1650 1455 1723 adhuc
1471 1670 1533 1745 per
1550 1649 1735 1721 triennium
1754 1648 1945 1743 duraturis,
1962 1670 2050 1742 quas

649 1770 685 1842 in
702 1770 783 1843 lidei
801 1786 916 1843 nostre
932 1780 1109 1865 rupturam
1126 1772 1264 1867 infringi
1279 1774 1374 1845 nullo
1391 1772 1517 1861 modo,
1538 1783 1706 1867 quantum
1723 1773 1905 1847 salubriter
1931 1793 2049 1867 posse·

649 1916 727 1967 mus
739 1896 913 1982 resistere,
927 1896 1043 1969 medio
1061 1906 1214 1991 tempore
1227 1897 1474 1992 permittamus.
1488 1898 1532 1969 Et
1549 1920 1628 1969 cum
1645 1896 1784 1970 credere
1797 1918 1866 1969 non
1878 1895 2049 1992 possimus

648 2018 791 2091 rebelles
805 2028 939 2091 nostros
949 2020 1083 2091 viribus
1096 2021 1219 2093 nostris
1231 2042 1333 2115 posse
1345 2022 1501 2093 resistere
1511 2021 1715 2094 autviribns
1725 2021 1879 2111 ebriare,
1897 2020 2048 2091 maxime

649 2164 727 2214 cum
745 2164 814 2215 non
831 2143 877 2215 ad
896 2143 1198 2238 depopulationem
1213 2145 1384 2239 ipsorum,
1414 2145 1481 2217 nisi
1506 2146 1737 2239 subjectorum
1759 2145 1899 2217 rebellio
1919 2144 2047 2215 ludusa

647 2289 710 2340 nos
725 2277 903 2361 provocet,
929 2268 993 2341 sed
1014 2269 1059 2341 ad
1084 2270 1358 2343 reformationem
1383 2270 1518 2365 imperii
1547 2280 1583 2342 et
1604 2252 1739 2343 statum
1753 2278 1841 2343 terre
1863 2268 2045 2365 pacificum

645 2391 874 2480 intendimus,
894 2412 964 2463 non
987 2414 1026 2464 se
1048 2393 1112 2465 ista
1135 2394 1324 2488 respiciunt
1348 2406 1510 2489 tanquam
1532 2394 1862 2469 contradicturiavel
1878 2394 2043 2483 adversa,

645 2526 680 2587 et
695 2516 782 2586 infra
797 2515 979 2587 triennium
992 2515 1039 2588 ad
1052 2517 1323 2609 persecutionem
1334 2518 1436 2590 officii
1453 2520 1558 2590 nostri
1572 2528 1724 2591 nostram
1737 2540 1869 2590 armare
1878 2518 2044 2610 justitiam

643 2649 678 2710 et
696 2640 799 2710 ‘lerre
812 2640 935 2710 Sancte
948 2638 1097 2732 presidia
1115 2662 1296 2734 preparare
1310 2640 1443 2713 decenti
1463 2640 1727 2731 deliberatione,
1750 2642 1779 2713 si
1794 2640 1917 2711 nostris
1932 2640 2044 2735 impe·

643 2762 796 2835 dimenta
809 2763 1026 2856 processibus
1041 2784 1108 2835 non
1126 2772 1322 2857 prestantur
1335 2773 1370 2836 et
1382 2764 1411 2835 si
1424 2764 1602 2837 consilium
1619 2773 1792 2853 nostrum,
1813 2762 1873 2857 qui
1892 2760 1964 2857 (sic)
1977 2764 2045 2834 cir-

644 2888 871 2959 cumstancias
890 2888 1106 2959 transmarini
1130 2888 1260 2983 negotii
1284 2896 1458 2982 presentes
1483 2886 1611 2961 ibidem
1636 2888 1736 2982 plene
1758 2886 1960 2970 didicimus,
1988 2908 2045 2959 ao·

643 3007 794 3102 neptabit
818 3007 988 3097 Ecclesia,
1019 3028 1099 3079 cum
1127 3007 1262 3079 auxilio
1287 3007 1391 3079 lheen
1419 3006 1541 3079 Christi
1584 3006 1720 3101 plenam
1750 3017 1786 3079 et
1817 3005 2042 3079 indubitatam

643 3128 806 3202 fiduciam
831 3130 1036 3201 obtinemus.
1063 3131 1132 3201 llos
1155 3131 1262 3221 igitur
1285 3152 1364 3201 cum
1387 3130 1509 3203 oeteris
1528 3130 1667 3221 regibus
1688 3129 1781 3202 orbis
1803 3138 1891 3200 terre
1907 3129 2044 3199 interest

641 3254 743 3349 plene
763 3255 957 3349 perspicuas
979 3274 1081 3327 aures
1107 3263 1142 3326 et
1164 3256 1283 3326 oculos
1302 3255 1435 3349 aperire
1456 3262 1492 3326 et
1517 3252 1699 3348 diligenter
1719 3252 1894 3327 attendere
1914 3262 2043 3347 quanta

644 3378 922 3451 contradictionis
935 3376 1238 3451 fiduciaomnibus
1256 3380 1375 3471 ajugo
1400 3376 1543 3451 dominii
1563 3377 1763 3450 subtrahere
1786 3398 1824 3448 se
1847 3375 2043 3448 volentibus

536 3588 541 3593 ,
642 3502 842 3596 prebeatur,
859 3502 889 3571 si
903 3500 1092 3571 llomannm
1105 3502 1287 3596 imperium
1299 3502 1466 3593 jacturam
1479 3498 1677 3593 huiusmodi
1699 3498 1896 3573 rebellionis
1913 3508 2043 3593 patere·

641 3635 714 3712 tur;
735 3646 776 3696 ac
787 3625 889 3696 oculo
900 3624 1028 3697 cernite
1045 3624 1234 3719 perspicaci
1248 3624 1277 3695 si
1289 3624 1389 3697 rnen
1403 3622 1567 3719 expediat
1577 3624 1689 3719 quod,
1720 3646 1799 3696 curn
1819 3622 1864 3695 ad
1880 3620 2044 3693 edoman-

643 3748 723 3821 dam
735 3747 909 3820 interdum
923 3757 1116 3841 protervam
1129 3748 1312 3819 audaciam
1327 3747 1541 3821 subditorum
1558 3746 1746 3839 intenditis,
1761 3747 1883 3819 vestris
1897 3744 2044 3838 negotiis

641 3872 857 3945 extrinsecus
881 3871 1005 3964 aliquis
1020 3868 1086 3967 [se]
1109 3872 1325 3967 interponat,'
1339 3892 1549 3964 causamque
1576 3872 1727 3965 aliquam
1750 3879 1810 3943 ant
1828 3867 2041 3941 occasionem

640 3996 760 4067 atierat
771 4016 832 4089 per
843 4016 948 4090 quam
962 4004 1076 4067 vestra
1091 3994 1142 4091 (a)
1155 3994 1309 4090 procidat
1326 3994 1500 4091 proposita
1514 3994 1570 4067 vel
1586 3992 1748 4067 retardet.

464 4505 577 4615 ,3334
689 4490 923 4599 Fridericns,
961 4490 1219 4575 Romanorum
1261 4491 1482 4599 imperator,
1511 4490 1613 4599 apud
1643 4514 1783 4599 papam
1815 4514 1856 4571 se
1891 4496 2043 4572 excusat

577 4708 580 4711 ,
637 4624 743 4733 quod
760 4624 920 4707 transire
942 4624 990 4705 ad
1010 4624 1238 4706 Sarracenos
1255 4622 1441 4705 hostiliter
1462 4646 1539 4706 non
1566 4622 1704 4731 possit,
1733 4622 1827 4704 dum
1854 4620 2044 4705 Lomber-

673 4782 713 4864 (α)
733 4783 796 4845 Sub
808 4784 864 4844 hnc
875 4783 934 4843 linc
949 4783 1056 4860 tegttnr
1070 4786 1101 4843 ln
1114 4782 1215 4843 codice
1236 4780 1327 4855 troiia
1338 4782 1453 4855 nmine,
1466 4788 1566 4843 nostre
1577 4802 1587 4841 .·
1597 4783 1676 4860 quod
1687 4787 1802 4860 justum
1814 4796 1933 4861 quoque
1951 4783 2040 4853 sistit,

638 4888 799 4950 dummodo
811 4905 864 4967 pro
875 4885 1026 4950 intenditis
1038 4890 1202 4968 corrigatur
1212 4885 1399 4949 intendimur.
