4859 6359
340 743 501 828 neres]
790 741 988 805 rtrsroara
1016 738 1311 803 nrrtouartca
1696 741 1758 804 sss

339 875 533 982 Dillingen
566 868 788 955 Godeboldo
824 871 954 955 abbati
980 882 1018 955 et
1047 869 1250 954 conventui
1276 870 1326 951 de
1355 866 1574 952 Neresheim
1609 868 1757 955 confert

337 1007 537 1120 praedium
556 1004 660 1114 apud
677 1002 829 1107 Zurtin,
851 1004 957 1113 quod
975 1002 1234 1087 ministerialis
1252 1028 1347 1085 suos
1363 1000 1511 1086 lllricus
1536 1002 1586 1084 de
1603 1002 1756 1087 Troch-

339 1141 507 1252 telingen
525 1138 566 1220 in
584 1160 724 1219 manus
742 1160 833 1218 suas
850 1135 1092 1219 contradidit.

419 1344 517 1419 (Edit.
531 1358 579 1420 ap.
596 1337 756 1403 Deductica
766 1337 825 1419 fiir
841 1336 1019 1415 Nerateim,
1034 1355 1106 1401 auu.
1125 1345 1219 1413 ttsa,
1233 1352 1265 1415 p.
1280 1343 1356 1411 440,
1369 1335 1535 1415 Bsylageu,
1550 1344 1585 1397 u⁰
1597 1336 1661 1416 ⁵0.)

390 1510 560 1585 llenricus
570 1502 751 1607 septimus,
766 1508 887 1585 diviua
902 1511 1040 1583 favente
1054 1507 1238 1582 clementia
1246 1508 1478 1581 Romanorum
1491 1529 1557 1582 rex
1571 1517 1607 1582 et
1620 1528 1757 1605 semper

341 1643 531 1731 augustus,
559 1634 733 1707 universis
759 1633 894 1729 imperii
918 1633 1080 1708 lidelibus
1106 1633 1237 1728 quibus
1264 1632 1311 1705 bs
1338 1632 1436 1705 litere
1461 1641 1597 1706 ostense
1626 1633 1756 1706 luerint

342 1758 488 1855 gratiam
515 1778 616 1831 suam
637 1766 672 1831 et
692 1778 796 1831 omne
819 1756 964 1832 bonum.
987 1756 1043 1830 dd
1069 1757 1252 1851 utriusque
1273 1755 1348 1829 rite
1374 1755 1569 1829 felicitatem
1591 1756 1757 1853 prodesse

342 1882 443 1955 nobis
464 1903 535 1955 nou
554 1881 786 1977 ambigimus,
809 1880 840 1953 si
864 1882 940 1955 loca
953 1880 1075 1954 divino
1092 1880 1199 1953 cultui
1217 1880 1412 1976 mancipata
1428 1881 1667 1955 curaverimus
1681 1906 1757 1956 am-

342 2003 449 2099 pliare
473 2014 508 2075 et
535 2025 656 2077 eorum
683 2002 866 2077 commodo
890 2000 1070 2077 intendere
1093 2011 1128 2077 et
1155 2002 1290 2076 honori.
1318 2002 1406 2075 llinc
1430 2002 1597 2098 estquod
1622 2003 1756 2099 signifi·

342 2126 494 2200 candum
512 2127 682 2202 dommus
703 2127 876 2201 universis
894 2135 964 2200 tam
986 2126 1204 2223 presentibus
1228 2147 1335 2221 qoam
1363 2126 1488 2199 futuris
1510 2126 1606 2222 quod
1631 2128 1756 2202 minis-

341 2252 470 2325 terialis
490 2262 608 2326 noster
623 2252 759 2325 Ulricus
777 2250 822 2325 de
844 2252 1090 2347 Trubtelingen
1117 2250 1279 2347 predium
1301 2250 1397 2347 apud
1417 2251 1537 2322 Zurtin
1560 2260 1716 2348 emptum
1734 2275 1757 2328 a

342 2374 557 2449 ministeriali
582 2384 699 2448 nostro
724 2374 949 2449 Reimbotcue
976 2374 1022 2448 de
1039 2374 1225 2447 Voheburc
1248 2394 1329 2445 cum
1347 2373 1509 2446 omnibus
1524 2374 1754 2470 appendiciis,

344 2499 506 2590 ecclesia,
525 2496 744 2587 molendino,
764 2498 960 2593 mancipiis,
979 2496 1073 2592 agris
1094 2497 1195 2571 cultis
1212 2506 1247 2570 et
1263 2496 1415 2587 incultis,
1442 2496 1653 2591 nemoribus,
1674 2522 1755 2595 pra·

343 2620 401 2713 tis,
419 2621 574 2717 pascuis,
594 2622 695 2715 aquis
718 2643 959 2719 aquarumque
983 2620 1188 2695 decursibus
1204 2632 1239 2695 et
1262 2621 1393 2717 piscina
1407 2620 1445 2691 in
1472 2641 1597 2694 manus
1625 2634 1759 2698 nosbas

344 2743 553 2819 contradidit
569 2752 604 2817 et
617 2744 772 2819 donavit.
793 2746 864 2819 Nos
881 2746 1011 2842 itaque,
1030 2744 1287 2843 adpetitionem
1305 2744 1413 2841 ipsius
1428 2743 1546 2836 Utrici,
1566 2746 1758 2840 predictum

342 2866 504 2963 predium
532 2868 676 2943 ecclesie
701 2867 747 2943 de
771 2870 949 2943 Nersbeim
975 2890 1023 2942 ex
1046 2868 1235 2943 deliberato
1262 2868 1404 2943 oonsilio
1429 2878 1464 2942 et
1488 2870 1643 2942 consulta
1663 2869 1759 2943 deli-

343 2989 523 3065 beratione
540 3012 675 3066 necnon
687 3044 816 3065 .....
837 2992 1041 3068 Godeboldo
1060 2993 1177 3066 abbati
1195 3001 1231 3065 et
1248 2991 1436 3066 couventui
1454 2990 1612 3085 ejusdem
1630 2992 1696 3065 loci
1714 3014 1757 3067 ac

347 3115 607 3189 successoribus
622 3115 827 3190 eorumdem
837 3137 901 3213 per
913 3139 1038 3191 manus
1050 3116 1166 3190 dilecti
1178 3114 1292 3191 tidelis
1301 3117 1405 3190 nostri
1417 3116 1552 3189 comitis
1559 3116 1761 3190 Hartmanui

345 3236 390 3312 de
405 3240 566 3335 Dilingeu
588 3240 798 3315 contulimus
820 3249 855 3314 et
875 3240 1150 3315 contradidimus
1168 3242 1271 3339 pleno
1282 3242 1362 3335 jure
1387 3240 1495 3314 libere
1518 3238 1707 3314 tenendum
1723 3250 1760 3314 et

343 3372 513 3459 perpetuo
544 3363 812 3460 possidendum
841 3368 1046 3441 mandantes
1073 3376 1108 3439 et
1126 3367 1194 3439 sub
1212 3364 1487 3438 interminatione
1509 3364 1619 3456 gratie
1645 3374 1761 3439 uostm

344 3484 500 3559 districte
524 3488 754 3584 precipientes
778 3490 929 3561 utnulla
951 3511 1105 3584 unquam
1129 3510 1279 3587 persona
1300 3488 1442 3561 homilis
1464 3487 1520 3561 vel
1540 3490 1627 3581 alta,
1649 3488 1761 3563 eccle·

342 3608 481 3684 siastica
500 3611 557 3685 vel
582 3610 779 3705 mundana,
805 3612 890 3685 huic
915 3612 1093 3687 donationi
1115 3614 1286 3687 contraire
1310 3612 1438 3686 audeat
1459 3633 1547 3685 ausu
1570 3611 1676 3686 ducta
1700 3622 1759 3687 te-

343 3733 509 3826 merario,
529 3744 590 3809 aut
612 3734 731 3809 abbati
754 3744 789 3809 et
812 3738 1000 3810 couventui
1024 3737 1198 3833 prelibatis
1222 3738 1280 3811 vel
1298 3734 1556 3810 suecessoribus
1577 3756 1697 3807 eorum
1720 3737 1758 3809 in

343 3854 420 3952 ipso
449 3856 570 3953 predio
598 3857 766 3933 damnum
802 3870 864 3933 aut
897 3882 1084 3957 gravamen
1119 3860 1261 3957 aliquod
1290 3861 1466 3954 irrogare,
1492 3880 1555 3932 seu
1575 3858 1755 3933 ecclesiam

343 3980 380 4051 in
396 3978 519 4055 eodem
536 3990 714 4085 presumat
729 3982 877 4077 aliquus
900 3984 1032 4079 ingenii
1056 3985 1221 4080 scrupulo
1236 3984 1432 4073 molestam
1454 3981 1539 4056 alias
1559 3981 1623 4077 qui
1644 3983 1757 4057 tacere

343 4107 610 4201 presumpserit,
645 4107 918 4204 indignationem
953 4109 1122 4185 tremendi
1153 4109 1285 4204 judicis
1317 4116 1503 4203 nostreque
1542 4105 1757 4212 celsitudinis

345 4250 487 4323 gravem
513 4230 678 4307 offensam
707 4233 944 4309 indubitanter
971 4257 1010 4310 se
1044 4236 1179 4310 noverit
1207 4235 1406 4309 iucurrisse.
1436 4232 1493 4307 dd
1517 4232 1618 4325 cujus
1651 4233 1757 4305 etiam

346 4353 426 4427 tacti
450 4364 485 4429 et
510 4353 707 4432 donationis
733 4368 848 4435 nostre
876 4360 1075 4435 memoriam
1100 4358 1298 4434 evidentem
1324 4369 1360 4433 et
1385 4359 1492 4432 robur
1518 4357 1555 4430 iu
1582 4366 1754 4453 posterum

346 4475 567 4572 duraturum,
592 4502 736 4577 presens
760 4483 891 4560 exinde
916 4485 1136 4582 privilegium
1161 4484 1332 4559 conscribi
1358 4492 1394 4557 et
1412 4482 1517 4579 sigilli
1543 4481 1650 4556 nostri
1671 4504 1755 4554 mu-

345 4601 475 4674 nimine
494 4603 662 4695 jussimus
680 4606 851 4703 insigniri.

391 4726 508 4800 Testes
535 4726 572 4799 bi
600 4740 681 4803 sunt
712 4758 722 4803 ε
755 4732 949 4808 Friderious
980 4734 1088 4808 abbas
1120 4733 1422 4830 Campidoneusis,
1452 4733 1495 4805 ll.
1526 4731 1680 4805 marchio
1707 4730 1754 4805 de

345 4846 473 4938 Badeo,
489 4871 605 4926 comes
621 4854 851 4932 Hartmannus
864 4857 910 4933 de
922 4859 1144 4949 Wirtinberc,
1161 4880 1276 4933 comes
1293 4858 1428 4931 Utricus
1441 4856 1486 4931 de
1502 4855 1748 4945 Helffiusteine,

421 4972 475 5037 tv.
498 4984 556 5037 Ρη.
568 4994 590 5039 s.
1555 4987 1592 5041 74
