4859 6359
430 744 530 803 unm.
547 738 609 821 ro]
876 737 1074 801 ursrorua
1101 736 1397 803 urraouarrca

483 1230 716 1352 Fridericus‚
757 1246 1016 1329 Romanorum
1057 1247 1280 1354 imperator,
1322 1272 1410 1328 cum
1454 1270 1596 1355 magno
1635 1244 1837 1353 praeconio

432 1380 562 1463 scribit
578 1379 857 1463 Panormitanis
879 1379 951 1462 sibi
985 1381 1033 1461 de
1051 1405 1150 1462 nova
1167 1388 1341 1462 consorte
1359 1404 1429 1461 sua
1446 1389 1576 1461 natam
1594 1404 1676 1460 esse
1693 1377 1834 1482 liliam3

433 1538 533 1622 quae
551 1513 705 1623 quidem
724 1512 916 1595 masculae
934 1511 1077 1595 sobolis
1095 1538 1202 1621 spem
1220 1511 1469 1593 certissimam
1487 1510 1683 1619 promittit.

514 1723 609 1805 (aut.
625 1728 658 1785 in
670 1724 754 1785 Pctr.
769 1722 804 1783 dc
823 1724 885 1784 Via„
902 1724 997 1803 aptat,
1012 1724 1063 1785 lib.
1077 1725 1134 1798 111,
1148 1740 1176 1785 c.
1193 1733 1243 1799 rt,
1258 1729 1288 1785 at
1300 1740 1350 1800 ap.
1365 1725 1506 1797 Iuracas,
1520 1719 1632 1783 Ausul.
1647 1720 1679 1781 dt
1693 1719 1837 1796 Pclcruro,

443 1918 447 1923 ‚
552 1838 576 1893 t.
591 1831 647 1903 ΙΙΙ,
662 1848 693 1907 p.
710 1839 780 1891 589.
791 1862 833 1875 -
843 1831 959 1891 Fusae.
974 1830 1111 1902 Bsaoua,
1127 1828 1161 1889 dc
1171 1830 1312 1891 Pauor-ru.
1329 1830 1456 1911 majest,
1469 1829 1521 1890 lib.
1535 1828 1589 1903 IV,
1607 1828 1676 1911 c.·I,
1691 1844 1740 1907 ap.
1755 1830 1841 1889 Bua-

553 1954 654 2026 rmrur,
669 1936 825 2017 scriptor„
838 1943 864 1998 t.
875 1937 964 2010 XIII,
979 1954 1007 2013 p
1025 1935 1111 2015 ⁴09.)

482 2123 676 2197 Fridericus
689 2125 881 2215 secundus,
897 2136 980 2215 etc„
994 2113 1245 2196 panormitanis
1259 2120 1420 2195 fidelibus
1433 2123 1523 2207 suis,
1538 2132 1603 2195 etc.
1619 2120 1841 2195 Communem

436 2258 471 2321 et
490 2246 642 2320 debitam
665 2248 821 2320 omnium
846 2249 1052 2343 populorum
1077 2248 1254 2341 regiminis
1275 2247 1383 2319 nostri
1406 2248 1546 2318 letitiam
1567 2248 1844 2342 expectationum

436 2382 627 2445 vestrarum
643 2373 732 2444 votis
746 2372 939 2467 specialiter
955 2371 1187 2463 deducentes,
1207 2370 1254 2444 ad
1271 2392 1335 2443 vos
1351 2370 1581 2465 imperialium
1599 2372 1736 2465 apicum
1754 2381 1845 2444 certa

439 2495 668 2591 descriptione
686 2495 873 2567 deferimus
886 2495 982 2589 qnod
995 2495 1043 2568 ad
1059 2495 1204 2567 aliorum
1219 2494 1373 2567 notitiam
1393 2495 1483 2566 lama
1501 2494 1738 2567 tantummodo
1752 2494 1844 2567 veri·

439 2620 518 2693 tatis
529 2618 717 2713 aliquando
732 2618 847 2691 nescia
858 2619 1045 2691 nunciante
1059 2618 1220 2691 defertur.
1234 2618 1424 2711 Singularis
1438 2627 1551 2690 tamen
1563 2627 1597 2690 et
1609 2640 1717 2712 purus
1730 2628 1846 2691 nostre

439 2743 674 2816 famiIIaritatis
693 2742 835 2814 affectus
852 2764 956 2835 qnam
975 2744 1021 2816 ad
1036 2764 1099 2813 vos
1118 2743 1215 2813 velut
1234 2741 1279 2813 ad
1302 2749 1453 2813 nostrum
1478 2742 1645 2836 populum
1661 2741 1844 2835 specialem

438 2876 473 2938 et
486 2866 691 2961 peculIarem
710 2866 899 2954 habemus,
916 2887 985 2937 non
1002 2865 1165 2956 injustam
1182 2866 1303 2937 ceteris
1314 2884 1454 2936 oausam
1468 2864 1601 2938 invidie
1614 2864 1659 2938 de
1672 2864 1774 2937 nobis
1788 2866 1845 2938 vel

438 2989 673 3062 admirationis
697 2987 851 3062 adducit.
869 2989 939 3060 Vos
965 2991 1114 3077 etenim,
1135 2988 1323 3061 clarIssima
1350 2987 1627 3083 predecessorum
1653 2996 1846 3059 nostrorum

439 3112 629 3203 hereditas,
657 3134 892 3185 successorum
917 3111 1111 3183 indubitata
1137 3111 1351 3205 patriosala
1377 3130 1515 3209 regum,
1543 3132 1605 3183 vos
1629 3111 1847 3184 exaltationis

439 3246 553 3308 nostre
570 3234 672 3307 fidele
691 3236 899 3331 principium
920 3244 957 3306 et
973 3234 1223 3307 sublimationis
1242 3256 1425 3331 processus
1447 3234 1627 3329 egregius,
1647 3234 1845 3330 precipuum

441 3359 584 3451 gratiam
599 3359 785 3431 meruistis.
796 3358 937 3453 Propter
948 3358 1043 3451 quod
1061 3358 1149 3429 sicut
1165 3358 1210 3431 de
1224 3380 1329 3429 mann
1342 3358 1476 3430 Domini
1492 3358 1733 3429 continuantur
1747 3357 1847 3429 nobis

440 3484 533 3555 bona
548 3483 727 3571 continue,
747 3483 799 3554 sic
813 3503 976 3577 prospera
993 3482 1164 3577 prosperis
1178 3483 1374 3555 successive
1392 3482 1600 3572 succedunt,
1620 3483 1737 3575 sieque
1753 3480 1846 3553 desi·

441 3607 535 3679 dorla
561 3616 676 3679 vestra
700 3606 847 3701 provide
874 3606 996 3679 merito
1026 3627 1238 3696 recreamns,
1271 3606 1315 3679 de
1344 3606 1521 3678 carissima
1545 3614 1701 3677 consorte
1732 3614 1847 3677 nostra

441 3738 556 3802 numm
568 3730 670 3802 nobis
682 3730 878 3821 nuperrime
892 3726 996 3799 filiam
1009 3730 1135 3801 votivis
1150 3729 1448 3823 expectationibus
1460 3730 1582 3801 vestris
1594 3728 1745 3801 hilariter
1758 3750 1846 3799 nun·

443 3853 565 3925 tiantes
588 3876 597 3920 ε
617 3861 734 3946 utpote
749 3852 811 3945 qui
826 3851 999 3922 felicitatis
1019 3860 1133 3923 nostre
1153 3872 1219 3923 nec
1237 3851 1351 3923 minus
1369 3861 1481 3923 vestra
1501 3850 1649 3923 leticiam
1667 3850 1845 3923 vobiscum

442 3977 602 4049 volumus
618 3975 805 4047 domestica
824 3976 1084 4071 participatione
1098 3975 1222 4048 sortiri.
1245 3976 1335 4048 luter
1351 3985 1463 4048 cetera
1480 3964 1630 4068 namque
1652 3975 1697 4047 de
1718 3974 1846 4068 quibus

441 4099 503 4171 Dei
527 4098 676 4194 potentia
700 4096 885 4192 gratibcari
909 4121 947 4171 ss
971 4099 1072 4171 nobis
1090 4100 1317 4171 communiter
1338 4099 1460 4172 eodem
1478 4098 1644 4173 beneficio
1662 4112 1791 4195 posset,
1813 4108 1848 4171 et

441 4221 541 4294 robis
554 4222 688 4293 nullum
705 4244 834 4293 munus
850 4222 1022 4294 communi
1035 4233 1117 4295 roto
1134 4222 1364 4312 communius,
1382 4223 1514 4293 nullum
1529 4221 1654 4294 nostris
1666 4243 1707 4293 ac
1723 4222 1846 4294 vestris

442 4345 650 4439 profectibus
667 4344 840 4418 efficacius
859 4346 1065 4417 arbitramur
1082 4367 1187 4439 quam
1203 4368 1283 4417 cum
1302 4354 1416 4418 nostre
1439 4344 1655 4417 fecunditatis
1676 4346 1845 4436 gremium

440 4469 545 4564 prolis
558 4490 649 4541 nove
664 4470 735 4541 latu
753 4467 1043 4565 multiplicat[ur]‚
1061 4491 1139 4541 cnm
1155 4491 1224 4563 qua
1242 4470 1468 4563 tranquillitas
1480 4469 1587 4541 vestri
1601 4477 1707 4540 status
1724 4490 1846 4541 secun·

443 4592 532 4664 dlori
549 4590 671 4664 robore
688 4592 795 4665 nostri
814 4592 958 4663 dominii
975 4592 1167 4684 roboratur,
1186 4602 1221 4665 et
1237 4592 1342 4687 petita
1357 4615 1429 4689 pax
1446 4592 1546 4665 vobis
1559 4602 1593 4665 et
1607 4593 1749 4688 posteris
1765 4614 1846 4666 con-

442 4714 610 4787 firmatur.
642 4716 729 4787 Hinc
753 4716 883 4811 quippe
911 4726 964 4789 est
986 4737 1169 4811 regnomm
1187 4717 1343 4789 omnium
1368 4717 1478 4806 salus,
1498 4716 1580 4788 binc
1607 4717 1678 4789 vita
1702 4716 1847 4812 pacifica

444 4840 660 4935 populorum,
675 4862 754 4913 cum
766 4840 891 4934 regalis
907 4861 1027 4913 menso
1043 4841 1206 4913 circuitus
1221 4840 1371 4953 legitima
1383 4841 1499 4914 sobole
1516 4840 1761 4914 circumdatur.
1777 4844 1848 4916 Hac

522 4961 576 5024 IV.
596 4978 686 5023 rma
1635 4974 1691 5027 117

1897 1248 2009 1355 suldunis]
