4859 6359
391 833 549 912 1666661]
840 829 1035 892 lllS'l'Ollill
1062 825 1353 890 ntenottnrtca
1741 820 1801 881 ’101

391 971 465 1061 616,
484 991 565 1042 666
581 968 687 1040 luerit
700 967 885 1062 imperator
903 967 979 1062 ipse
993 965 1156 1039 dominus
1177 983 1241 1035 rex
1259 961 1380 1034 lactus.
1401 961 1610 1032 iuraverunt
1623 957 1799 1054 predictus

391 1092 552 1166 dominus
571 1113 687 1165 eomes
705 1088 904 1163 Manlredus
920 1099 1070 1185 potestas
1090 1085 1277 1162 Mediolani
1299 1093 1334 1158 et
1354 1083 1487 1156 nobiles
1500 1083 1566 1155 viri
1587 1082 1734 1156 Ubertus
1752 1079 1798 1154 de

390 1217 559 1290 Extenate
569 1222 605 1287 et
616 1213 869 1307 Mudalburgus
877 1211 1193 1306 judexMediolani,
1210 1212 1256 1285 de
1269 1210 1446 1283 voluntate
1461 1207 1592 1279 consilii
1607 1204 1799 1278 communis

390 1339 575 1412 Mediolani
588 1348 623 1411 et
637 1337 870 1434 predictorum
887 1337 1153 1409 ambasiatorum
1170 1333 1304 1421 Brixia,
1324 1331 1484 1418 Novarie,
1502 1330 1620 1403 Laude
1633 1337 1799 1401 eteorum

391 1461 566 1554 mandato,
584 1480 891 1557 supercommune
911 1459 1095 1533 Mediolani
1110 1458 1205 1554 qnod
1220 1457 1383 1554 predictis
1403 1453 1579 1549 completis
1591 1475 1653 1549 per
1666 1452 1798 1525 dictum

390 1608 507 1682 regem
526 1595 562 1659 et
576 1585 749 1681 principes
763 1583 987 1674 Alamannia,
1018 1603 1200 1655 commune
1223 1579 1406 1654 Mediolani
1422 1589 1456 1652 et
1476 1578 1543 1650 alia
1557 1579 1752 1650 communia
1764 1586 1799 1650 61

391 1731 621 1806 personaque
636 1708 777 1782 venient
791 1717 827 1780 61
841 1708 970 1802 quibus
983 1708 1150 1803 placuerit
1167 1705 1322 1802 predicte
1340 1706 1451 1779 lacere
1464 1712 1499 1775 et
1511 1702 1679 1797 recipere,
1695 1704 1800 1794 jura-

391 1834 477 1906 bunt
494 1834 589 1905 illam
605 1831 803 1906 fidelitatem
827 1853 898 1926 que
919 1831 955 1902 in
979 1831 1071 1904 dicta
1091 1830 1274 1904 concordia
1290 1829 1483 1903 continetur
1493 1825 1559 1924 (l).
1580 1825 1681 1900 Unde
1697 1827 1798 1922 plura

391 1958 616 2030 instrumenta
636 1977 705 2029 uno
724 1965 842 2028 166666
858 1955 933 2028 lieri
947 1962 1085 2049 rogata,
1104 1955 1322 2050 presentibus
1336 1953 1384 2025 ibi
1404 1974 1465 2048 pro
1477 1953 1619 2024 notariis
1632 1951 1798 2024 Gulielmo

392 2080 437 2155 de
451 2082 705 2169 vicomercato,
725 2078 884 2153 Conrado
899 2078 945 2152 de
957 2077 1117 2151 Varadeo
1132 2077 1265 2150 notario
1281 2075 1408 2172 pallatii
1420 2075 1625 2167 Mediolani,
1646 2086 1712 2148 etc.

438 2205 670 2276 lntorlnerunt
697 2211 800 2276 testas
821 2201 1005 2275 anselmus
1026 2201 1072 2274 de
1096 2200 1275 2294 lustingen
1302 2199 1394 2271 filius
1415 2199 1637 2294 suprascripti
1666 2199 1797 2274 domini

391 2326 626 2419 marescalchi,
647 2334 682 2400 61
706 2327 787 2400 1166
814 2325 977 2400 dominus
1005 2325 1166 2418 Paganus
1186 2326 1316 2396 Burrus
1347 2321 1438 2394 lilius
1471 2323 1647 2416 qnondam
1666 2321 1798 2396 domini

393 2449 522 2541 Uberti,
539 2461 574 2525 et
586 2450 761 2524 lohannes
776 2445 1461 2542 dellaudefiliusitemquondamdomini
1473 2447 1651 2538 Iohannis,
1667 2457 1701 2521 et
1711 2449 1798 2522 Boo*

392 2575 505 2646 666166
517 2576 650 2661 Brama,
670 2582 704 2647 et
716 2574 861 2646 Peninus
876 2575 1082 2662 lnooardns,
1098 2583 1133 2645 et
1146 2571 1295 2645 lacobus
1308 2571 1353 2644 de
1366 2573 1527 2666 Ter-rago,
1542 2581 1576 2644 et
1589 2573 1738 2645 lacobus
1752 2573 1798 2647 de
1869 2637 1872 2640 .

391 2697 575 2789 Modoetia‚
590 2709 626 2771 et
636 2697 842 2771 Barbontins
857 2695 903 2770 da
911 2697 1120 2788 landriano,
1137 2707 1172 2769 et
1186 2695 1570 2788 Albertusllic‘ecomes,
1588 2705 1622 2768 et
1633 2696 1798 2770 Miramus

391 2821 548 2914 Morigia,
564 2832 599 2894 61
611 2820 726 2896 Guido
738 2823 895 2914 Grassus,
916 2830 951 2894 et
963 2819 1131 2896 llicardus
1140 2819 1319 2909 Crivellus,
1334 2829 1368 2894 61
1376 2819 1743 2915 lohannesPasqualis,
1762 2830 1797 2894 et

390 2945 620 3040 Menadragus
631 2946 677 3020 de
688 2945 873 3037 Mandello,
891 2947 1098 3038 etl’aganns
1110 2945 1156 3018 16
1167 2946 1329 3034 1616666,
1342 2942 1796 3039 etBonilaciusliliusquon-

394 3066 474 3141 dam
485 3067 620 3141 domini
630 3069 787 3141 Gulielmi
805 3071 850 3144 de
862 3070 1029 3160 Pusterla,
1045 3079 1080 3141 et
1096 3067 1497 3140 AbiaticusMarcellinus
1513 3067 1606 3140 filius
1619 3068 1797 3163 quondam

392 3188 521 3263 domini
537 3189 663 3279 Drudi,
684 3199 720 3263 et
733 3191 902 3268 Henricus
912 3190 1123 3283 Gambarus,
1141 3211 1261 3262 omnes
1277 3189 1473 3264 decivitate
1488 3190 1685 3264 Mediolani.

436 3313 512 3407 Ego
527 3313 719 3386 Gulielmns
745 3313 838 3386 lilius
857 3314 1036 3409 quondam
1054 3313 1235 3386 Petrobelli
1253 3313 1298 3386 de
1316 3313 1549 3386 vicomercato
1573 3315 1618 3388 de
1641 3314 1797 3387 Contrata

393 3435 436 3509 de
452 3437 661 3529 Comaredo‚
680 3439 829 3512 ciuitatis
843 3439 1029 3512 Mediolani
1047 3437 1200 3511 66166166
1216 3446 1251 3509 61
1264 3437 1367 3511 6616
1377 3437 1489 3509 scriba
1505 3439 1623 3534 palatii
1639 3460 1799 3512 commu-

393 3561 447 3634 nis
464 3561 665 3652 Mediolani,
682 3563 823 3636 interlui
834 3573 870 3637 et
884 3562 1085 3658 subscripsi.

436 3685 512 3780 Ego
527 3685 705 3760 Conradus
720 3685 811 3760 filius
828 3687 947 3760 Jacobi
962 3684 1173 3760 deVaradeo
1190 3684 1237 3758 (16
1251 3684 1421 3759 Contrada
1437 3683 1482 3758 de
1498 3685 1531 3757 la
1544 3685 1679 3776 Posina,
1696 3707 1798 3760 com-

426 3989 460 4063 (t)
478 3991 519 4046 116
541 3990 642 4047 nuntiis
663 3991 873 4052 lombardorum
893 3995 922 4051 in
938 3995 1097 4053 Teutoniam
1118 3994 1257 4051 destinatis
1277 3993 1345 4051 haec
1363 3992 1542 4066 comperimus
1566 4012 1573 4050 :
1594 4013 1608 4048 6
1629 3995 1702 4052 Misit
1721 3994 1797 4072 [rex]

392 4086 567 4144 6666661666
587 4087 621 4144 16
633 4087 772 4162 lustingen
785 4090 814 4146 in
832 4091 1021 4150 lombardiam
1036 4097 1067 4148 61
1079 4090 1290 4150 Mediolanenses
1304 4089 1356 4147 sibi
1367 4088 1576 4148 conloederaret.
1586 4089 1637 4160 Qui
1651 4091 1732 4148 etiam
1749 4093 1795 4149 ad·

390 4181 565 4240 (1661166666
584 4185 714 4258 quosdam
727 4186 761 4243 de
776 4186 930 4246 melioribus
945 4186 1181 4246 Mediolanensium
1198 4193 1227 4244 et
1245 4187 1328 4260 partis
1343 4201 1437 4242 eorum
1457 4186 1492 4242 ad
1511 4185 1577 4243 1666
1594 4187 1669 4259 16166,
1686 4189 1794 4246 6116166

392 4294 480 4353 66666
495 4288 524 4337 61
534 4282 608 4352 ipsos
629 4289 737 4356 pactum
751 4283 866 4342 loedoria
876 4284 1074 4343 confirmarunt.
1087 4307 1100 4336 ι
1114 4285 1212 4341 Amant.
1230 4285 1338 4356 Arpmt.
1356 4298 1400 4356 ap.
1420 4283 1571 4354 lio-ann,
1584 4283 1695 4352 Fontes,
1711 4291 1732 4341 t.
1748 4287 1794 4359 lll,

392 4391 418 4448 p.
431 4380 494 4434 1118.
506 4408 544 4420 -
555 4379 680 4438 (116166
691 4396 762 4439 anno
773 4382 809 4438 ad
820 4382 974 4456 petitionem
990 4383 1062 4456 regis
1074 4381 1179 4439 11666161
1191 4379 1238 4436 filii
1255 4380 1382 4438 Friderici
1394 4381 1570 4455 imperatoris,
1584 4380 1797 4441 Mediolanenses

392 4480 418 4530 et
434 4473 479 4531 alii
495 4475 617 4533 odientes
634 4477 776 4551 imperinm
795 4477 898 4552 legatos
910 4481 938 4537 in
950 4479 1136 4538 Memanniam
1155 4479 1308 4536 direxerunt
1323 4484 1351 4535 et
1367 4494 1429 4535 cum
1444 4493 1477 4536 eo
1497 4485 1588 4536 contra
1608 4478 1795 4552 imperatorem

391 4571 544 4630 sodomam
562 4573 743 4632 firmissimam
757 4581 918 4633 clamarunt.
932 4577 1059 4650 Concepit
1071 4576 1142 4634 enim
1157 4592 1206 4633 rex
1226 4576 1345 4634 dolorem
1363 4580 1390 4632 et
1403 4575 1508 4649 peperit
1520 4575 1684 4649 iniquitatem
1703 4582 1796 4634 contra

391 4669 526 4742 proprium
541 4669 696 4743 genitorem,
711 4673 772 4730 ideo
783 4674 846 4747 quia
859 4673 1001 4731 videbatur
1014 4674 1086 4748 quod
1104 4674 1249 4748 imperator
1266 4673 1326 4747 plus
1343 4689 1376 4730 eo
1388 4688 1501 4746 puerum
1512 4671 1663 4730 conradum
1676 4673 1798 4748 diligeret

392 4765 699 4826 6166661611666616
716 4771 814 4828 Puteo.
831 4771 957 4828 01666616.
972 4787 1017 4845 ap.
1031 4771 1333 4844 11661666,86616166.,
1345 4776 1364 4827 t.
1379 4771 1448 4841 Vlll,
1458 4787 1487 4844 p.
1501 4771 1562 4834 out,
1576 4785 1719 4844 perperam
1729 4789 1795 4831 vero

393 4861 423 4917 ud
437 4878 502 4920 ann.
525 4865 679 4935 anatona
697 4865 838 4924 clementia
857 4869 908 4926 1666
928 4867 1030 4942 legatos
1041 4870 1069 4925 in
1085 4868 1242 4926 Alamannia
1263 4873 1384 4942 repertos
1403 4873 1431 4926 61
1441 4867 1596 4942 captivitate
1607 4868 1729 4928 detentos
1738 4871 1795 4928 Fri-

392 4957 495 5018 1661666
503 4960 641 5034 tumuerit,
660 4962 728 5021 inira
740 4963 917 5024 monebimus.
