4859 6359
586 814 646 879 598
1103 816 1276 877 llEllllllCl
1300 814 1470 878 sterilli
1809 816 1889 899 [anu.
1905 818 1995 881 1233.

636 954 762 1023 Datum
793 950 890 1047 apud
919 949 1191 1044 Gelinghausen,
1222 952 1253 1023 V
1286 950 1367 1025 idns
1389 951 1558 1045 januarii,
1590 952 1695 1027 Verbi
1713 952 1883 1027 incarnati
1905 977 1997 1028 anno

587 1076 865 1170 M.CC.XXXlll,
885 1075 1072 1150 indictione
1084 1076 1145 1149 vii
1163 1073 1229 1174 (l).

803 1390 1267 1403 -u—-u—-o-uuu—-u--o—o—
1273 1388 1784 1403 nnn-W

644 1665 848 1775 demicus,
876 1666 1138 1749 Romanorum
1168 1691 1257 1772 rex,
1284 1666 1456 1751 Waltero
1485 1667 1535 1751 de
1549 1666 1759 1752 liminari
1779 1668 2000 1753 monasterii
2133 1606 2137 1617 ι

592 1801 729 1889 Montis
748 1799 985 1913 Angelorum
1005 1799 1108 1885 bona
1124 1800 1165 1881 in
1184 1798 1339 1910 dargan
1357 1800 1452 1906 sita,
1471 1802 1661 1912 quamdiu
1678 1801 1807 1886 abbati
1828 1802 2001 1913 ejusdem

590 1936 768 2021 molesios
785 1934 983 2045 placuerit,
1002 1934 1145 2018 tuenda
1157 1936 1412 2019 commendat.
1547 1924 1553 1933 ’

634 2163 732 2245 (Edit.
755 2180 805 2242 ap.
836 2160 958 2224 Veraci
978 2162 1058 2223 eim
1076 2158 1263 2246 liureiolluuo
1282 2160 1332 2227 der
1345 2160 1530 2245 reiciasreieo
1546 2162 1648 2247 scyta
1670 2162 1848 2249 Euqclderc,
1871 2184 1903 2246 p.
1927 2175 2001 2239 iit,

711 2278 746 2331 n·
759 2278 790 2346 o,
805 2286 843 2331 ex
855 2268 1017 2351 originali.)

644 2473 704 2563 ll,
731 2470 795 2545 Dei
813 2471 923 2566 gratia
949 2467 1177 2545 Romanorum
1197 2493 1263 2544 rex
1278 2480 1314 2544 et
1330 2492 1467 2567 semper
1483 2480 1666 2565 angustus,
1685 2471 1811 2545 dilecto
1824 2471 1921 2547 lidoli
1939 2494 2003 2546 sno

595 2597 654 2669 W.
676 2594 729 2694 (2)
744 2594 789 2669 de
805 2594 965 2669 llohdorl
975 2596 1120 2690 gratiam
1140 2617 1241 2669 snam
1264 2605 1300 2669 et
1315 2616 1419 2669 omne
1436 2594 1580 2668 bonum.
1599 2596 1695 2669 Licet
1709 2618 1757 2669 cx
1774 2596 1892 2671 debito
1909 2598 2005 2693 regie

596 2720 783 2814 majestatis
796 2728 906 2793 status
921 2718 1076 2793 omnium
1092 2718 1315 2793 ecclesiarum
1332 2728 1510 2792 teneamur
1532 2720 1605 2794 Deo
1623 2727 1762 2792 auctore
1784 2720 1821 2792 in
1841 2740 2005 2817 prospero

596 2866 813 2932 conservare,
833 2844 910 2917 ilias
924 2854 1039 2918 tamen
1052 2844 1088 2916 in
1099 2843 1230 2938 quibus
1239 2844 1360 2940 religio
1377 2852 1497 2918 sancta
1509 2864 1590 2915 cnm
1604 2840 1799 2917 sinceritate
1809 2842 2005 2918 dovotionis

595 2968 806 3044 laudabilius
821 2976 1031 3065 perseverat,
1048 2966 1263 3042 celsitudinis
1279 2976 1396 3042 nostre
1410 2968 1620 3065 protectione
1632 2967 1816 3064 specialius
1823 2969 2006 3042 confovere

596 3104 632 3167 et
647 3096 810 3167 volumus
826 3102 862 3166 et
883 3092 1064 3167 debemus.
1089 3093 1175 3165 Cum
1196 3093 1304 3189 igitur
1320 3092 1568 3167 monasterinm
1591 3092 1717 3165 Montis
1735 3091 1948 3187 Angelorum
1969 3092 2006 3165 in

597 3240 670 3315 qno
684 3219 866 3313 utriusque
879 3239 985 3291 sexus
1002 3216 1140 3291 dovotio
1157 3217 1305 3312 gloriose
1320 3217 1454 3312 Virgini
1468 3216 1569 3290 matri
1580 3214 1744 3289 Crucifixi
1751 3216 1881 3311 jugiter
1896 3216 2007 3291 inmn·

599 3344 709 3433 latur,
736 3342 919 3417 inndutum
939 3342 1093 3438 plenaria
1105 3342 1263 3415 libertate
1287 3342 1324 3414 in
1349 3342 1451 3415 bonis
1475 3342 1550 3414 suis
1570 3341 1706 3413 nullum
1729 3340 1857 3415 habere
1881 3340 2009 3416 debeat

598 3466 819 3558 aduocatum,
836 3462 953 3564 sic[ut]
970 3466 1005 3537 in
1016 3464 1140 3539 nostris
1154 3475 1188 3538 et
1199 3465 1457 3562 progenitorum
1472 3474 1666 3538 nostrorum
1681 3463 1946 3561 litterisplenins
1956 3476 2009 3540 est

600 3610 816 3686 expressum,
831 3590 898 3661 nisi
915 3610 1019 3684 quem
1037 3610 1058 3662 a
1076 3588 1281 3661 celsitudine
1295 3588 1463 3685 imperiali
1479 3588 1546 3661 sibi
1565 3588 1726 3684 petierint
1741 3588 1956 3663 defensorem
1975 3600 2010 3664 et

601 3714 769 3810 quamdin
786 3714 878 3788 idem
896 3712 1039 3810 expedit
1054 3712 1120 3810 ipsi
1133 3712 1223 3805 loco,
1245 3712 1452 3786 mandamus
1463 3712 1527 3785 tibi
1538 3714 1604 3786 snb
1616 3692 1758 3787 obtentu
1775 3715 1885 3809 gratie
1895 3722 2011 3788 nostra

600 3837 741 3912 firmiter
758 3840 977 3933 injungentes
992 3848 1163 3933 qnatenus
1181 3836 1272 3910 bona
1289 3837 1433 3909 ecclesie
1449 3844 1635 3910 memorate
1659 3838 1696 3909 in
1716 3836 1870 3932 Argogia
1895 3860 1941 3911 ne
1963 3839 2009 3911 ab

602 3963 720 4057 aliquo
736 3964 928 4036 lacerentur
945 3984 1006 4035 seu
1024 3960 1179 4034 indebite
1196 3959 1448 4053 distrahantur,
1473 3961 1643 4055 quamdiu
1661 3961 1787 4035 dilecto
1808 3960 1902 4035 fideli
1923 3983 2010 4035 nos-

602 4098 669 4161 tro.
700 4142 710 4161 .
741 4138 750 4158 .
778 4086 830 4186 (3)
847 4087 965 4161 abbati
998 4086 1195 4160 monasterii
1232 4085 1422 4181 supradicti
1458 4085 1628 4182 placuerit
1659 4094 1695 4160 ct
1733 4084 1864 4159 utilitas
1900 4084 2013 4182 ipsius

602 4212 746 4287 ecclesie
763 4212 799 4286 id
826 4222 1008 4308 exposcat,
1035 4212 1236 4284 auctoritate
1256 4220 1372 4285 nostra
1396 4218 1621 4285 manuteneas
1649 4221 1684 4285 et
1706 4210 1890 4303 delendam
1914 4233 2012 4284 man·

603 4337 723 4413 datum
740 4346 896 4410 nostrum
916 4334 1006 4409 adeo
1022 4332 1204 4407 efficaciter
1219 4354 1399 4430 exequens
1419 4342 1454 4409 et
1471 4334 1598 4409 devota
1624 4344 1665 4407 ut
1688 4355 1751 4431 per
1767 4335 1835 4409 hoc
1857 4344 2012 4409 nostrum

1901 4533 2008 4545 ...ο-.-

640 4648 673 4723 (i)
692 4648 804 4706 Indictio
822 4648 925 4705 unitate
942 4646 1075 4717 abundet,
1090 4662 1173 4721 quum
1186 4644 1238 4704 hoc
1250 4647 1440 4706 documentum
1450 4648 1527 4721 junno
1542 4644 1633 4723 potins
1646 4647 1715 4707 1233
1732 4660 1815 4721 qnam
1833 4646 1904 4705 1236
1915 4642 2014 4703 adscri-

636 4762 654 4801 n
747 4744 775 4802 't

601 4746 847 4919 be(;l)¹¹1(¹:¹⁰}¹nomen
859 4842 930 4899 istud
948 4829 1080 4899 lietuino
1094 4840 1193 4900 indicat
1203 4848 1305 4915 auctor,
1319 4841 1402 4914 ibid„
1415 4841 1445 4917 p.
1457 4836 1503 4917 6²1,
1518 4848 1576 4902 not.
1588 4846 1615 4901 8.

642 4942 679 5015 (3)
698 4942 804 5001 Scilicet
818 4946 881 4998 tunc
893 4940 1021 5014 temporis
1035 4941 1167 4999 ilenrico
1178 4940 1285 4997 nomine
1298 4939 1441 4999 semndns.
