4859 6359
492 804 586 863 666.
605 797 648 882 a]
937 796 1133 858 ursronra
1157 795 1453 862 uranorrarrcn
1841 791 1900 854 rsa

495 991 505 1008 .
534 991 544 1006 .
573 989 584 1008 .
612 954 729 1008 comes
737 933 916 1020 Senensis,
946 983 956 1003 .
987 983 998 1002 .
1027 983 1037 1003 .
1065 951 1180 1006 comes
1193 933 1368 1024 Berensis,
1399 985 1408 1003 .
1440 985 1449 1002 .
1481 951 1632 1004 .comes
1645 928 1834 1019 Clcvcnsis,
1863 937 1898 998 61

493 1059 547 1132 alii
563 1057 799 1152 quamplures.

538 1184 685 1275 Signum
699 1179 831 1252 domini
844 1177 1008 1250 Friderici
1023 1177 1186 1264 secundi,
1213 1177 1276 1251 Dei
1299 1179 1409 1274 gratia
1429 1178 1646 1252 invictissimi
1666 1179 1896 1250 Romanorum

494 1305 705 1401 imperatoris
723 1325 859 1398 semper
876 1300 1034 1394 augusti,
1060 1301 1248 1374 Jerusalem
1266 1311 1300 1374 et
1317 1301 1431 1376 Sicilie
1448 1303 1553 1394 regis.
1572 1299 1862 1398 (dlorwprommc.)

539 1427 613 1522 Ego
629 1425 778 1499 sifridus
788 1425 1048 1520 llatisponcusis
1063 1424 1246 1520 episcopus
1263 1425 1453 1520 imperialis
1469 1426 1548 1498 aule
1565 1425 1801 1513 cancellarius,
1821 1422 1899 1494 vioe

496 1551 624 1625 domini
637 1553 674 1622 S.
693 1549 886 1644 Maguntini
902 1547 1153 1644 archiepiscopi
1165 1545 1347 1622 Germanic
1359 1547 1659 1640 archicancellarii,
1675 1545 1874 1642 recognovi.

540 1673 626 1746 Acta
644 1682 725 1746 sunt
741 1672 807 1744 hec
820 1691 912 1743 anno
925 1669 1098 1744 dominice
1114 1670 1356 1743 incarnationis
1368 1671 1595 1762 dccxxxv,
1615 1691 1732 1742 mense
1747 1669 1899 1764 augusti,

497 1807 615 1871 661616
629 1795 845 1882 indictionis,
858 1795 1049 1890 imperante
1063 1795 1204 1867 domino
1219 1796 1399 1870 Fredorico
1413 1797 1442 1866 ll
1455 1797 1685 1868 Romanorum
1699 1795 1903 1888 imperatore

498 1942 630 2017 semper
640 1929 802 2013 augusto,
813 1920 1002 1992 Jerusalem
1011 1928 1047 1992 61
1055 1919 1171 1990 Sicilie
1182 1940 1276 2011 rege,
1294 1919 1429 2014 imperii
1443 1921 1519 2012 ejus
1531 1941 1622 1992 anno
1631 1917 1900 2012 quintodecimo,

497 2045 592 2138 regni
609 2041 967 2133 Jerusalemdecimo,
990 2043 1089 2136 regui
1116 2063 1202 2114 vero
1228 2042 1345 2114 Sicilie
1364 2043 1537 2115 tricesimo
1553 2042 1719 2138 septimo,
1746 2040 1901 2114 feliciter.

496 2168 617 2240 Amen.

543 2293 669 2364 Datum
685 2287 781 2387 apud
794 2289 1029 2384 Maguntiam,
1049 2309 1159 2378 anno,
1179 2309 1299 2362 mense
1311 2297 1345 2362 et
1362 2288 1550 2364 indictione
1562 2286 1773 2386 prescriptis.

498 2861 534 2966 ξ’
548 2860 785 2962 Fridericns,
825 2857 1086 2940 Romanomm
1125 2857 1351 2966 imperator,
1386 2856 1555 2939 notificat
1599 2856 1825 2938 sententiam
1866 2857 1907 2938 in
1974 2946 1988 2976 ι
2055 2945 2076 2976 οἱ

502 2994 604 3076 cuna
626 3019 696 3076 sua
718 2990 886 3102 generali
907 2989 1047 3096 latam,
1072 3015 1150 3099 qua
1169 2988 1327 3099 jubetur
1349 3001 1392 3070 ut
1415 2987 1623 3071 Clementia
1649 2987 1729 3070 filia
1759 2989 1908 3072 comitis

501 3125 679 3235 Stephani
701 3126 750 3206 de
770 3121 1037 3234 Burgundios
1058 3119 1195 3206 comite
1218 3121 1397 3230 Egenone
1419 3122 1467 3204 de
1489 3121 1610 3204 Urech
1635 3121 1908 3232 1661116116-

501 3267 600 3340 tenta
638 3255 841 3364 liberetur,
876 3257 987 3365 eique
1032 3264 1199 3338 cestrum
1232 3253 1429 3365 Burgdurl
1457 3279 1545 3336 cum
1579 3253 1757 3338 omnibus
1797 3253 1908 3338 bonis

502 3391 621 3473 eidem
638 3391 678 3470 in
696 3391 825 3472 dotem
842 3389 1030 3473 concessis
1047 3387 1281 3472 restituatur.

579 3602 714 3684 (Sdldcr.
729 3603 893 3676 cumcun,
905 3604 1004 3665 Lettrc
1015 3601 1426 3679 comendaremus..
1442 3619 1473 3679 p.
1488 3609 1539 3665 97.
1549 3635 1590 3648 -
1599 3605 1783 3683 Scndnrnm,
1797 3603 1908 3664 dictor.

618 3707 926 3792 consultamus.
941 3710 995 3784 lv,
1008 3728 1039 3788 p.
1054 3705 1352 3770 aee-Solotteis.
1371 3705 1661 3788 1161661166666.
1677 3719 1765 3784 reae,
1779 3727 1812 3787 p.
1827 3715 1909 3786 666.)

547 3895 760 3988 Fridericus,
786 3898 849 3970 Dei
867 3898 977 3992 gratia
993 3897 1223 3969 Romanorum
1248 3897 1431 3992 imperator
1455 3918 1589 3992 semper
1604 3905 1788 3990 augustus,
1810 3897 1909 3969 Jeru-

501 4019 606 4090 salem
623 4027 658 4090 et
676 4019 791 4092 Sicilie
807 4039 884 4091 rex.
903 4021 968 4090 Per
984 4039 1125 4115 presens
1141 4020 1305 4113 scriptum
1322 4029 1441 4092 notum
1460 4017 1532 4092 fieri
1561 4020 1722 4091 volumus
1739 4020 1909 4092 universis

501 4141 633 4236 imperii
652 4139 813 4213 fidelibus
826 4151 895 4214 tam
923 4142 1141 4236 presentibus
1164 4165 1270 4236 quam
1289 4143 1412 4214 1111116
1435 4142 1530 4237 quod
1557 4143 1788 4215 assidentibus
1811 4144 1909 4215 nohis

500 4261 633 4334 dilectis
645 4263 863 4360 principibus
873 4265 998 4336 nostris
1009 4265 1045 4335 in
1055 4265 1151 4336 curia
1162 4265 1340 4358 Maguntie
1352 4266 1515 4360 generali,
1529 4264 1574 4337 dc
1587 4265 1737 4360 ipsorum
1751 4267 1905 4353 consilio,

499 4386 544 4458 ad
559 4387 838 4481 conquestionem
855 4389 989 4460 comitis
1006 4389 1171 4484 Stephani
1187 4387 1232 4461 de
1248 4388 1450 4482 Burgundia
1465 4387 1579 4461 fidelis
1590 4389 1697 4460 nostri
1709 4411 1813 4482 quam
1828 4413 1905 4485 pro·

501 4509 615 4604 posuit
631 4531 745 4583 coram
760 4512 870 4600 nobis,
890 4534 954 4608 pro
967 4523 1062 4608 parte
1084 4513 1154 4585 filie
1171 4535 1234 4586 sue
1252 4513 1437 4586 Clementis
1451 4535 1555 4608 quam
1571 4513 1716 4586 asseruit
1732 4515 1903 4609 captivam

500 4634 667 4707 violenter
684 4645 719 4706 et
736 4636 893 4729 nequiter
910 4636 1054 4709 detineri
1071 4659 1091 4709 a
1108 4637 1233 4709 comite
1248 4637 1288 4708 E.
1311 4637 1356 4709 de
1373 4635 1525 4726 Hurach‚
1545 4649 1580 4709 61
1593 4637 1638 4709 ab
1657 4637 1779 4709 eodem
1794 4648 1904 4712 castro

501 4755 670 4827 Bnrcdori
683 4778 725 4828 ac
740 4757 819 4829 aliis
833 4757 1016 4852 bonisque
1032 4760 1123 4832 bone
1139 4760 1302 4831 memorie
1324 4761 1364 4830 B.
1386 4759 1462 4832 dux
1482 4759 1640 4854 Zaringie
1657 4760 1694 4830 in
1710 4760 1904 4834 dotalitium

501 4879 645 4952 contulit
660 4878 712 4968 ei,
734 4890 851 4955 contra
864 4881 1031 4975 justitiam
1047 4883 1205 4978 exposuit
1219 4883 1417 4980 spoliatam,
1440 4883 1507 4958 lata
1527 4892 1578 4957 est
1601 4884 1770 4957 sententia
1790 4907 1903 4959 coram

579 5001 633 5064 tv.
655 5013 712 5063 1666
724 5021 746 5063 a.
1709 5017 1745 5069 91
