4859 6359
391 818 491 877 Ιιυιιτ.
506 813 550 891 6.]
840 806 1037 868 HISTORIA
1060 806 1353 870 blrtoltarlcs.
1742 802 1804 864 617

392 946 562 1057 legitime
589 949 878 1046 excusaverant,
907 940 1122 1047 praedictus
1142 940 1344 1022 Cunradus
1378 938 1427 1019 de
1462 936 1639 1019 Marbure
1660 933 1802 1015 ibidem

391 1078 578 1190 populum
605 1072 892 1181 crucesignarit.
929 1073 1167 1181 Quapropter
1193 1073 1247 1152 illi
1276 1071 1363 1154 felle
1390 1066 1654 1151 amaritudinis
1685 1090 1800 1147 oom-

392 1211 503 1317 moti‚
520 1208 704 1319 jamdicto
723 1203 902 1287 Conrado
928 1204 968 1285 in
995 1205 1120 1287 reditu
1145 1206 1304 1287 insidias
1322 1211 1529 1313 ponenteS,
1555 1199 1665 1309 juxta
1690 1196 1801 1280 lllar-

392 1344 489 1427 burc
513 1343 641 1451 ipsum
660 1364 738 1421 une
764 1363 853 1418 oum
880 1336 1074 1419 Gerhardo
1099 1334 1255 1419 Minoris
1282 1334 1428 1416 ordinis
1455 1334 1592 1439 fratre,
1621 1328 1802 1439 probatae

392 1476 492 1561 vitae
506 1475 604 1575 vire,
626 1470 675 1553 lll
690 1468 873 1551 kalendas
892 1468 1045 1578 augusti
1067 1466 1269 1549 crudeliter
1292 1468 1511 1549 occiderunt
1530 1462 1605 1575 (l).
1629 1460 1799 1547 chronic.

395 1604 673 1719 llrpltordr'ense
692 1629 754 1711 ap.
776 1600 972 1709 Bossuss,
991 1608 1140 1699 Fontes,
1164 1600 1216 1705 ll,
1237 1600 1330 1681 590.

612 1931 652 1943 ,-
660 1930 711 1939 ,,,,
718 1929 806 1937 ,,.-..,..
818 1924 1587 1937 ....-.......-.-.-—-—-—-—---——-—---—-0-

451 2188 658 2298 Henricus,
687 2190 946 2273 Romanorum
963 2212 1049 2295 rex,
1071 2187 1120 2269 ad
1146 2186 1392 2269 imitationem
1412 2188 1531 2296 patris
1554 2188 1613 2270 sui
1630 2188 1809 2273 Friderici

400 2320 661 2407 Romanorum
674 2322 928 2431 imperatorie,
944 2321 1106 2404 ilenrico
1118 2320 1389 2405 Wormatiensi
1399 2321 1574 2429 episcopo
1588 2332 1624 2403 et
1632 2322 1809 2407 ecelesiae

402 2454 484 2564 ejus
497 2456 629 2539 villam
647 2456 899 2539 Neokerauwe
920 2454 1123 2562 contradit,
1145 2479 1168 2534 a
1186 2479 1264 2563 qua
1281 2479 1349 2561 per
1366 2452 1503 2535 ducem
1520 2454 1713 2540 bawariae
1729 2482 1808 2566 pe-

400 2586 564 2669 latinum
583 2591 759 2671 comitem
776 2588 899 2671 Rheni
917 2586 1099 2671 violenter
1121 2585 1246 2669 fuerat
1263 2584 1416 2694 ejectus.

484 2802 608 2880 (lnedlt.
624 2821 663 2865 ex
677 2804 862 2866 chartulario
875 2804 1103 2875 Wormutlnsi,
1117 2801 1171 2863 iol.
1188 2810 1243 2863 att
1259 2808 1354 2874 recto,
1375 2802 1408 2859 lu
1427 2800 1547 2861 archivo
1564 2801 1810 2880 Dnrmstadensl.)

451 2988 516 3079 ll,
535 2990 596 3061 Dei
616 2988 726 3083 gratia
744 2988 974 3061 Romanorum
992 3008 1055 3059 rex
1077 2996 1110 3060 et
1127 3008 1263 3081 semper
1280 2992 1466 3079 augustus,
1486 2985 1659 3058 universis
1675 2986 1813 3081 imperii

407 3109 567 3184 fidelibus
578 3112 706 3205 quibus
714 3110 977 3207 preseuslittera
986 3112 1088 3183 inerit
1098 3120 1234 3183 ostensa
1242 3109 1388 3203 gratiam
1399 3131 1496 3181 suam
1505 3118 1540 3180 et
1550 3131 1652 3182 omne
1665 3110 1809 3181 bonum.

406 3235 457 3307 Ne
471 3245 611 3329 propter
629 3234 765 3306 labilem
781 3235 960 3305 hominnm
976 3234 1174 3305 memoriam
1188 3242 1395 3306 evanescant
1412 3254 1432 3303 a
1450 3241 1565 3304 nostra
1579 3231 1815 3306 munificentia

409 3366 523 3451 gesta,
546 3358 692 3451 dignum
712 3356 878 3430 duximus
891 3380 933 3430 ea
948 3363 1113 3451 scripture
1129 3357 1323 3429 testimonio
1341 3357 1570 3444 committere,
1590 3379 1660 3451 que
1677 3356 1724 3430 ad
1737 3378 1816 3430 nos·

409 3492 478 3554 tros
494 3490 647 3577 posteros
669 3482 832 3554 volumus
850 3480 994 3553 certiora
1016 3480 1216 3575 pervenire,
1245 3488 1285 3552 nt
1302 3502 1364 3575 per
1378 3480 1487 3576 ipsius
1503 3480 1735 3553 oestimonium
1754 3503 1817 3554 ca-

411 3606 577 3701 lumpniis
588 3606 801 3700 quibuslibet
812 3614 1022 3678 occurratur.
1036 3605 1119 3677 Tem
1132 3604 1307 3677 modernis
1320 3605 1426 3700 igitur
1442 3627 1549 3699 quam
1564 3606 1687 3677 laturis
1701 3620 1817 3679 tenore

412 3730 621 3823 presentium
639 3730 838 3803 intimamus
864 3730 960 3822 qnod
984 3750 1063 3818 nos,
1088 3726 1135 3802 ad
1158 3729 1383 3802 imitationem
1400 3728 1515 3802 dilecti
1531 3730 1694 3823 genitoris
1713 3731 1819 3802 nostri

413 3850 543 3924 domini
557 3852 594 3923 F.
606 3852 837 3925 Romanorum
853 3851 1068 3949 imperatoris
1082 3874 1218 3947 semper
1230 3853 1382 3945 angusti,
1399 3852 1525 3925 dilecto
1542 3853 1687 3949 principi
1703 3862 1819 3925 nostro

412 3976 454 4045 Η.
476 3975 666 4047 venerabili
687 3975 928 4049 Wormatisnsi
948 3976 1112 4071 episcopo
1139 3977 1283 4070 suisque
1310 3976 1566 4049 successoribus
1605 3986 1640 4049 et
1676 3978 1820 4051 ecclesie

413 4098 653 4171 Wormatiensi
670 4100 947 4193 recognoscimus
965 4110 999 4172 et
1011 4100 1245 4172 contradimus
1260 4101 1380 4172 villam
1395 4101 1630 4175 Neckerauwe
1643 4122 1723 4171 oum
1739 4101 1819 4173 uni·

414 4224 523 4293 versis
537 4222 661 4295 usibus
672 4232 706 4295 et
723 4223 937 4318 appendiciis
956 4224 1047 4315 suis,
1076 4224 1294 4297 restituentes
1306 4224 1420 4317 ipsum
1438 4225 1644 4319 possessioni
1662 4224 1819 4315 ejusdem

453 4533 490 4607 (t)
512 4553 525 4587 α
539 4534 632 4591 Frater
642 4534 780 4593 Corradus
791 4536 826 4593 de
835 4534 962 4609 blsrburg
972 4541 1001 4593 et
1013 4535 1260 4595 iraterGerhardus
1270 4536 1437 4595 Lutneloolbo
1450 4537 1484 4593 de
1498 4536 1741 4608 ordinellinorum,
1756 4553 1823 4596 suus

417 4632 515 4703 socius,
528 4632 648 4691 volentes
657 4634 697 4691 ire
709 4634 819 4693 domum
832 4634 910 4692 etsie
921 4635 1081 4709 equitantes,
1094 4637 1202 4709 quidem
1211 4636 1310 4693 milites
1320 4642 1349 4693 et
1362 4636 1407 4691 alii
1418 4650 1488 4707 quos
1499 4634 1551 4707 ipsi
1562 4640 1618 4691 tam
1627 4634 1656 4690 iu
1667 4636 1825 4707 parantibus

418 4745 510 4787 eorum
523 4746 606 4804 quam
615 4732 642 4789 in
655 4732 772 4807 propriis
781 4732 903 4807 personis
917 4732 1111 4793 intimaverant
1124 4740 1152 4791 et
1165 4734 1430 4808 dampnificaveranc
1445 4733 1520 4805 imos
1531 4732 1701 4807 insequentes
1718 4734 1826 4793 oecide-

421 4832 490 4883 runt.
509 4827 603 4884 Frater
620 4844 684 4886 vero
702 4830 787 4889 Dorso
807 4830 857 4887 luit
878 4832 981 4888 occisus
1000 4832 1071 4907 apud
1090 4832 1261 4907 argentinam
1279 4838 1307 4889 et
1324 4830 1459 4888 lohannes
1474 4845 1622 4905 suspensus
1642 4832 1715 4906 apud
1734 4832 1826 4890 Fride-

421 4920 495 4995 berg.
510 4940 524 4974 s
539 4924 641 4983 Anaol.
658 4930 794 4985 Wormut.
804 4972 811 5001 ,
821 4928 880 4988 loco
889 4944 964 5003 supr.
978 4930 1038 4995 cit,
1049 4946 1076 5003 p.
1092 4931 1154 4987 tl'l.
1165 4929 1249 4989 -Ct
1262 4930 1382 4988 Germ.
1398 4928 1511 5001 Coram,
1524 4928 1638 5002 ittam,
1652 4947 1681 5004 p.
1697 4934 1759 4990 365.

501 5022 555 5087 IV.
576 5038 632 5085 Pars
644 5042 666 5085 2
1636 5043 1672 5093 78
