4859 6359
383 756 484 820 buta.
499 754 543 832 9.]
830 752 1027 815 HISTORIA
1051 748 1340 811 utstottattctt
1728 752 1788 815 903

382 910 487 987 super
506 888 660 985 hiisque
677 888 842 965 bonoram
860 889 961 964 Urbis
977 898 1013 962 et
1034 886 1129 959 orbis
1139 886 1334 983 respiciunt
1355 895 1436 955 vutu
1462 892 1576 957 vestra
1590 884 1788 979 planissima

383 1013 582 1103 conteratis,
611 1033 700 1106 quos
725 1013 846 1103 suam,
869 1023 971 1108 prout
997 1011 1175 1105 negotium
1198 1020 1330 1083 tuntum
1350 1006 1531 1098 condonet,
1552 1008 1727 1083 insumus
1750 1018 1787 1082 ut

384 1135 432 1208 ad
447 1136 552 1207 totius
571 1134 759 1229 reipublice
775 1136 927 1209 Romane
951 1134 1059 1208 decus
1081 1142 1116 1206 et
1135 1142 1260 1205 statum
1278 1140 1472 1227 respectum
1494 1130 1676 1219 habentes,
1697 1132 1788 1205 circa

384 1279 449 1331 nos
469 1256 654 1330 asinistris
672 1278 742 1329 uon
766 1256 948 1330 dextereut
968 1266 1002 1330 et
1024 1256 1072 1329 ad
1090 1256 1270 1330 dexteram
1293 1274 1362 1326 uon
1385 1252 1571 1325 sinistrant.
1599 1254 1668 1325 Nos
1695 1254 1786 1325 enim

383 1382 419 1452 in
451 1389 521 1453 tam
552 1380 672 1452 arduis
702 1390 737 1452 et
766 1381 914 1453 excelsis
938 1380 1085 1473 negotiis
1121 1387 1284 1450 nontam
1313 1376 1439 1448 utiliter
1464 1398 1568 1469 quam
1596 1377 1788 1449 necessario

384 1502 484 1575 nobis
502 1504 596 1597 ipsos
613 1505 877 1598 assumpsimus,
897 1515 937 1576 ut
953 1503 1037 1598 quia
1058 1523 1171 1596 usque
1193 1498 1471 1596 prepedientibus
1490 1500 1568 1572 aliis
1587 1500 1692 1573 Rome
1710 1522 1787 1595 pre·

384 1626 530 1699 seutiam
558 1624 687 1701 babere
716 1650 786 1700 non
817 1650 1020 1724 possumus,
1049 1626 1171 1698 saltem
1201 1624 1385 1696 consilium
1411 1623 1612 1696 habeamus.
1640 1622 1696 1695 Ad
1724 1624 1787 1695 beo

383 1770 453 1843 que
469 1750 594 1823 Hector
610 1749 656 1823 de
673 1750 848 1824 Montisois
863 1749 916 1847 (t)
933 1748 1045 1822 fidelis
1069 1758 1184 1822 noster
1206 1746 1306 1821 vobis
1324 1768 1370 1819 ex
1389 1754 1486 1842 parte
1507 1756 1623 1819 nostra
1644 1746 1784 1838 dixerit,

383 1872 619 1946 indubitanter
638 1873 799 1947 credatis.

435 2468 580 2553 Eodem
603 2493 720 2579 auno,
738 2468 822 2553 XVI
839 2469 1013 2581 augusti,
1033 2470 1212 2554 domiuus
1230 2468 1442 2555 Friderious
1467 2470 1673 2582 imperator
1698 2498 1788 2556 oum
1845 2493 1956 2597 iffi:

384 2600 507 2687 tribus
527 2602 698 2687 millibus
715 2601 902 2686 militibus
923 2600 1138 2686 Teutonieis
1159 2602 1261 2687 veuit
1277 2604 1487 2711 Veronam,
1511 2613 1549 2687 et
1574 2604 1615 2687 in
1641 2631 1786 2691 monn·
1812 2602 1987 2655 ¹⁸·³¹⁸⁰'¹²¹²¹·

384 2736 498 2820 sterio
515 2734 645 2819 Sancti
661 2734 824 2819 Zenonis
840 2734 1005 2845 benigna
1022 2745 1193 2845 reoeptus
1210 2746 1268 2820 est
1289 2762 1357 2847 per
1377 2736 1578 2821 dominum
1599 2734 1786 2822 Ioerinum

383 2868 431 2953 de
463 2866 663 2977 Romano,
695 2878 841 2979 partem
876 2866 1169 2955 Montioulorum
1199 2876 1238 2951 et
1267 2868 1565 2978 quatuoruigiuti
1595 2868 1663 2979 qui
1696 2880 1787 2955 tuno

383 2999 567 3109 regebam
596 3000 785 3085 aiutstsm
811 2999 995 3085 Veronae.
1024 2999 1204 3110 Sequenti
1231 3024 1321 3085 vero
1346 3001 1409 3085 die
1434 3001 1558 3084 dictus
1584 3000 1789 3111 imperator

383 3156 471 3217 aum
497 3132 581 3242 ejus
607 3133 773 3217 exercitu
799 3132 867 3217 ivit
890 3132 1121 3237 Vaealdum,
1142 3142 1180 3217 at
1195 3132 1338 3218 ibidem
1364 3158 1432 3243 per
1454 3133 1671 3243 quindecim
1707 3136 1788 3219 dies

383 3264 497 3349 stetit.
527 3264 776 3349 Postmodum
793 3264 969 3349 transivit
993 3264 1095 3349 ultra
1110 3264 1286 3353 Mannum
1307 3266 1358 3351 nd
1380 3266 1607 3351 Cremonam
1628 3268 1784 3353 vadens.

382 3397 506 3479 Panis.
527 3422 574 3479 na
593 3398 753 3505 dumus,
780 3396 952 3481 tironio.
979 3402 1128 3504 Verum,
1151 3422 1214 3507 ap.
1237 3398 1443 3509 Musarum,
1463 3398 1603 3510 Script.
1629 3408 1658 3482 t.
1684 3399 1787 3509 Vnt,

383 3553 421 3637 p.
443 3530 536 3612 629.

435 4042 642 4154 Gregorius
672 4072 771 4156 papa
805 4045 1088 4157 arehiepisoopo
1122 4047 1327 4133 Ravennati
1361 4057 1400 4133 et
1431 4046 1680 4161 suffraganeis
1706 4049 1788 4160 ejus
1861 4079 1881 4122 a

383 4174 514 4260 scribit
528 4176 579 4259 de
594 4186 697 4261 reeta
718 4178 927 4263 intentione
946 4204 1065 4290 quam
1082 4180 1164 4289 ipse
1179 4178 1315 4263 habuit
1331 4179 1371 4262 in
1391 4190 1471 4264 toto
1488 4206 1667 4290 processu
1684 4183 1788 4292 paois

382 4308 481 4393 inter
496 4309 763 4419 imperatorem
780 4310 1014 4395 Friderioum
1031 4321 1070 4395 et
1090 4309 1346 4421 Lomburdos,
1366 4312 1531 4397 suadens
1553 4321 1596 4398 ut
1613 4338 1697 4397 eum
1715 4314 1787 4423 ipsi
1922 4402 1925 4410 ,

383 4440 602 4552 imperatori
619 4444 812 4529 insinuent
827 4454 867 4530 at
883 4446 987 4555 pacis
1005 4444 1150 4529 bouum
1167 4454 1382 4556 procurent.

418 4758 455 4832 tt)
471 4758 579 4819 Nouos
591 4760 662 4823 me
678 4777 835 4838 ausuum
847 4763 1026 4839 maiano.
1039 4761 1163 4823 sosias
1173 4762 1274 4821 naar
1289 4760 1322 4819 a
1339 4760 1520 4820 nuruum
1535 4759 1579 4820 ver
1589 4760 1678 4836 mun
1688 4759 1789 4819 naar

382 4858 415 4917 aa
428 4859 629 4935 nessaeo.
