4859 6359
371 794 469 856 lma-r.
482 788 527 873 9.]
819 779 1018 844 HISTORIA
1041 775 1333 847 blpbotttlttce

425 1339 660 1450 Fridericus,
679 1337 940 1424 Romanorum
958 1338 1179 1450 imperator,
1199 1338 1250 1422 sd
1267 1335 1486 1421 instantiam
1511 1331 1781 1444 archiepiscopi
1827 1340 1969 1438 m·

375 1472 629 1578 treverensis,
644 1469 821 1556 abbatem
838 1481 877 1556 et
892 1470 1090 1556 ecclesium
1102 1471 1151 1556 de
1163 1469 1481 1582 Vuedegozingen
1494 1492 1583 1550 com
1600 1461 1780 1550 omuibus

376 1605 487 1692 bouis
499 1604 762 1716 praesentibus
779 1614 818 1688 et
833 1603 973 1688 futuris
991 1604 1065 1690 sub
1082 1631 1153 1688 sna
1169 1615 1207 1690 et
1223 1602 1372 1714 imperii
1388 1599 1618 1712 protectione
1632 1595 1778 1708 recipit.

459 1845 758 1923 (boemienses,
776 1843 912 1906 Teutscllr
927 1841 1143 1912 suanenses,
1159 1849 1183 1904 t.
1200 1841 1338 1922 xxxlv,
1350 1857 1382 1920 p.
1400 1838 1677 1911 rae-umens,
1693 1837 1782 1918 Sum-

495 1949 581 2032 plor.
601 1948 773 2026 comitet,
787 1957 811 2012 t.
826 1952 853 2029 1,
867 1968 898 2030 p.
917 1958 1006 2012 1⁴41.
1018 1983 1057 1996 -
1071 1949 1098 2012 J.
1118 1951 1222 2014 Mur.
1238 1950 1382 2025 Kmm,
1398 1945 1519 2010 Generi.
1534 1945 1627 2009 Gaul.
1643 1947 1690 2008 aa
1702 1943 1784 2006 albo

499 2053 715 2118 semuncem
734 2051 924 2132 coemto,
939 2065 973 2117 n⁰
986 2055 1061 2134 vn,
1075 2073 1113 2118 cx
1126 2053 1252 2118 chartul.
1267 2054 1435 2135 Sarepont„
1449 2050 1501 2116 rot.
1518 2064 1567 2115 et.
1584 2049 1739 2115 Franclort
1754 2059 1786 2114 et

500 2162 635 2242 Ietpslg,
652 2161 754 2242 ¹785.)

430 2371 639 2464 Friderrcus,
660 2371 724 2446 Dei
751 2371 862 2466 gratia
881 2373 1114 2446 Romanorum
1136 2371 1319 2466 imperator
1343 2390 1478 2464 semper
1495 2379 1684 2464 augustus,
1711 2366 1790 2439 Hie-

383 2493 531 2566 rusalem
558 2501 593 2564 et
619 2491 734 2566 Sicilie
761 2511 836 2566 rex.
862 2491 927 2562 Per
952 2510 1093 2584 presens
1114 2488 1280 2584 scriptum
1305 2498 1424 2560 notum
1451 2488 1595 2560 facimus
1619 2485 1791 2558 universis

385 2612 546 2686 fidelibus
569 2613 704 2710 imperii
726 2621 796 2688 tam
817 2612 1035 2710 presentibus
1058 2635 1164 2708 qnam
1186 2611 1311 2684 futuris
1332 2610 1427 2706 quod
1452 2631 1536 2698 nos,
1555 2607 1602 2681 ad
1617 2609 1791 2706 supplica·

385 2734 513 2810 tionem
535 2735 650 2809 dilecti
670 2735 834 2832 principis
855 2734 961 2808 nostri
976 2735 1183 2808 venerabilis
1207 2733 1426 2807 Treverensis
1451 2729 1713 2828 archiepiscopi,
1731 2731 1792 2804 ab

386 2858 503 2931 batem
522 2867 557 2932 et
579 2857 757 2932 ecclesium
777 2855 822 2930 de
840 2857 1131 2954 Vuadegozingen
1154 2855 1206 2952 (o)
1226 2879 1305 2930 cum
1328 2857 1488 2930 omnibus
1506 2856 1607 2929 bonis
1630 2856 1702 2929 suis
1723 2877 1794 2952 que

387 2981 425 3054 in
439 2981 590 3078 presenti
599 2983 691 3076 juste
705 2989 824 3056 tenent
839 2989 874 3054 et
886 2978 1064 3076 possident
1082 2992 1117 3054 et
1134 2980 1171 3054 in
1191 2991 1292 3055 suma
1306 2984 1400 3076 justo
1417 2980 1515 3054 titulo
1533 2989 1693 3078 poterunt
1716 2979 1794 3053 adi·

387 3105 495 3202 pisci,
514 3104 581 3178 sub
605 3111 769 3178 nostrast
786 3103 922 3202 imperii
943 3105 1152 3202 protectione
1174 3105 1359 3201 recipimus
1375 3105 1516 3201 speciali
1535 3104 1608 3202 (ης
1628 3103 1796 3201 presentis

390 3225 508 3324 scripti
537 3227 737 3302 austeritate
762 3227 968 3302 mandantes
992 3238 1026 3301 et
1046 3227 1190 3302 firmiter
1207 3227 1401 3302 inhibentes
1422 3237 1593 3324 quatenus
1610 3229 1728 3300 nullus
1751 3227 1798 3302 sit

389 3351 450 3444 qui
465 3350 597 3423 dictum
620 3350 831 3424 abbatemet
851 3352 1028 3424 ecclesium
1053 3353 1090 3424 in
1111 3373 1258 3448 persona
1275 3352 1331 3424 vel
1351 3353 1452 3426 bonis
1464 3362 1582 3426 eontra
1595 3353 1699 3448 hujus
1720 3375 1800 3450 pro-

389 3472 547 3548 tectionis
560 3481 676 3546 nostre
689 3481 841 3546 tenorem
855 3494 944 3548 ausu
964 3475 1142 3549 temerario
1153 3474 1329 3550 otlendere
1340 3476 1398 3548 vel
1409 3477 1599 3572 inquietare
1611 3487 1798 3572 presumat.

391 3595 497 3682 Quod
516 3595 575 3692 qui
594 3596 842 3694 presumpserit
863 3596 1317 3692 indignationemculminis
1339 3600 1445 3672 nostri
1469 3621 1508 3673 se
1528 3601 1665 3676 noverit
1686 3601 1802 3674 incur·

393 3740 526 3793 surum.
542 3718 600 3794 Ad
625 3719 729 3812 hujus
754 3728 872 3794 numm
899 3722 947 3794 rei
969 3721 1167 3794 memoriam
1188 3730 1223 3794 et
1244 3722 1401 3796 stabilem
1422 3721 1638 3818 firmitatem,
1659 3745 1801 3822 presens

394 3843 560 3940 scriptum
582 3840 657 3916 fieri
667 3842 837 3936 jussimus
851 3844 1037 3936 majestatis
1054 3855 1169 3918 nostre
1186 3845 1298 3941 sigillo
1320 3848 1505 3921 munitum.

443 3967 568 4040 Datum
592 3965 686 4064 apud
706 3968 855 4064 Hagen,
874 3988 966 4042 anno
987 3968 1158 4042 dominice
1178 3969 1422 4044 incarnationis
1442 3971 1623 4046 millesimo
1640 3973 1803 4050 ducente·

396 4090 483 4164 simo
500 4091 674 4164 tricesimo
690 4093 825 4186 quinto,
847 4092 976 4164 mensis
991 4091 1196 4187 decembris,
1215 4115 1306 4168 noue
1319 4094 1526 4168 indictionis.

437 4289 481 4370 (a)
502 4289 622 4354 scillcet
652 4289 842 4375 Wadpunm,
868 4295 947 4354 stom
972 4297 1178 4374 interpretatur
1198 4295 1393 4371 Boebmerus,
1413 4295 1523 4380 linquet.
1544 4299 1664 4377 imper„
1678 4313 1709 4376 p.
1733 4308 1802 4374 tos,

398 4401 432 4458 'n‘
446 4405 516 4460 825.

437 4631 474 4706 (t)
491 4631 547 4692 Hoc
559 4635 748 4708 protectoriam
761 4635 927 4696 confirmarit
938 4636 1047 4696 Carolus
1060 4637 1183 4710 uiuum,
1193 4639 1370 4713 wormatiae,
1379 4641 1517 4716 ‹lieprlms
1529 4641 1719 4715 mensurii,
1733 4658 1805 4705 anno

401 4727 533 4802 trem
548 4730 621 4804 quod
640 4731 721 4792 etism
734 4748 779 4808 ep.
793 4733 982 4806 Lunomuurr,
997 4733 1049 4792 loon
1062 4749 1137 4809 repr.
1151 4737 1242 4796 eltuto
