4859 6359
678 760 739 823 sro
941 790 947 806 ·
1198 758 1370 819 nsnrrcr
1399 758 1567 819 surrrnr
1901 761 1982 838 [ru.
2003 760 2089 821 reas

680 895 820 991 quinta,
851 848 1015 987 regnante
1041 894 1187 967 ilenrico
1211 895 1288 986 Vll,
1316 897 1546 970 Romanorum
1571 916 1654 989 rege
1678 894 1844 989 glorioso,
1875 916 1968 969 anuo
1994 897 2091 991 regni

683 1018 785 1118 [ejus]
804 1018 864 1090 Xl.

730 1146 854 1217 Datum
868 1142 962 1241 apud
974 1144 1163 1237 Hagenaw.

511 1714 559 1814 ms
592 1714 641 1811 g,
740 1696 943 1807 Henricus,
973 1696 1233 1781 Romanorum
1268 1722 1355 1802 rex,
1388 1694 1591 1779 canonicos
1620 1705 1660 1779 et
1693 1695 1914 1781 universum
1949 1698 2094 1781 clerum

687 1828 866 1912 ecclesiae
888 1828 1076 1939 Aquensis
1104 1827 1176 1912 sub
1199 1854 1270 1912 sua
1291 1827 1445 1938 speciali
1470 1828 1700 1937 protectione
1725 1829 1879 1939 recipit,
1907 1840 1946 1913 et
1967 1832 2093 1915 advo-

694 1971 797 2071 coto,
823 1962 1002 2070 sculteto,
1028 1962 1210 2069 scabinis,
1237 1960 1570 2071 burgensibusque
1596 1961 1838 2070 Aquensibus
1863 1964 2023 2047 mandat
2046 1989 2095 2047 ne

690 2096 778 2180 illos
795 2096 835 2177 in
853 2101 1025 2205 personis
1043 2106 1109 2179 aut
1125 2096 1241 2179 rebus
1258 2094 1461 2179 molestare
1476 2104 1735 2204 praesumant.

774 2310 873 2390 [Edid.
888 2310 1081 2386 anorrusrrr,
1095 2306 1346 2393 Urlrordenbfitr
1357 2310 1404 2373 dte
1419 2310 1516 2374 duob.
1531 2310 1580 2373 des
1590 2308 1756 2388 Noenu,
1767 2312 1930 2387 subaud,
1947 2330 1978 2391 p.
1994 2313 2056 2389 at.)

741 2500 806 2590 H.,
833 2498 895 2571 Dei
922 2498 1031 2592 gratia
1056 2498 1285 2572 Romanorum
1310 2518 1375 2571 rex
1402 2506 1439 2571 et
1466 2518 1602 2594 semper
1626 2504 1816 2592 augustus,
1840 2494 2001 2570 fidelibus
2025 2497 2097 2571 suis

692 2621 877 2714 advocato,
899 2622 1058 2714 sculteto,
1077 2622 1227 2695 scabinis
1244 2631 1279 2695 et
1295 2622 1511 2694 universitati
1535 2622 1761 2716 burgensium
1778 2620 1991 2716 Aquensium
2011 2642 2097 2695 neo-

693 2768 762 2819 uon
794 2746 957 2819 omuibus
1000 2766 1140 2839 presens
1177 2745 1342 2841 scripturn
1373 2744 1587 2817 intuentibus
1624 2746 1768 2839 gratiam
1800 2768 1900 2817 suam
1934 2754 1969 2818 et
1997 2766 2098 2818 omne

692 2869 836 2943 bouum.
861 2869 946 2942 Cum
971 2870 1119 2963 regalem
1143 2878 1296 2942 nostram
1318 2868 1441 2943 deceat
1461 2870 1672 2962 majestatem
1695 2869 1851 2943 omniurn
1875 2870 2098 2943 ecclesiarum

692 2994 831 3067 utilitati
860 2993 1074 3089 prospicere,
1103 2992 1383 3087 recognoscendo
1410 2990 1611 3089 profitemur
1637 2992 1735 3089 quod
1760 2992 1906 3067 ecclesie
1929 2991 2100 3087 Aquensis

695 3120 900 3215 promotioni
924 3118 1107 3213 specialius
1144 3128 1302 3191 terremur
1337 3116 1536 3210 intendere,
1569 3127 1611 3189 ut
1636 3118 1769 3191 sicuta
1795 3115 1951 3211 piissimo
1976 3116 2100 3189 Kurolo

696 3244 854 3331 lundata,
873 3244 919 3317 ab
943 3242 1216 3316 antecessoribus
1240 3242 1366 3315 uostris
1382 3242 1441 3336 pie
1456 3250 1612 3337 promota
1635 3250 1671 3314 et
1685 3262 1798 3336 usque
1815 3240 1863 3313 ud
1881 3262 1944 3314 uos
1961 3249 2102 3337 paterne

698 3367 874 3442 defensata
896 3366 1035 3461 speciali
1061 3364 1192 3459 gaudet
1215 3366 1395 3459 privilegio
1402 3419 1412 3456 ,
1436 3365 1488 3438 sic
1515 3375 1551 3439 et
1571 3374 1686 3439 nostre
1709 3364 1932 3461 protectionis
1958 3363 2102 3437 deside-

698 3502 772 3565 rato
795 3491 861 3564 sibi
879 3489 1032 3587 gaudeat
1050 3490 1183 3562 solatio.
1205 3490 1275 3562 Nos
1295 3489 1417 3583 igitur,
1438 3488 1486 3561 sd
1500 3488 1724 3561 imitationem
1747 3488 1955 3561 serenissimi
1972 3487 2103 3561 domiui

700 3618 735 3689 F.
759 3618 989 3689 Romanorum
1008 3614 1224 3709 imperatoris
1249 3612 1476 3709 progenitoris
1502 3612 1628 3704 nostri,
1645 3612 1792 3687 eandem
1816 3613 2015 3705 ecclesiam,
2041 3632 2104 3684 os-

697 3741 839 3814 nouicos
862 3748 897 3812 et
916 3738 1117 3811 universum
1133 3738 1264 3810 clerum
1281 3737 1348 3809 sub
1371 3745 1487 3809 nostra
1506 3736 1646 3833 speciali
1663 3736 1873 3833 protectione
1888 3725 2099 3832 ‘recipimus3

698 3866 734 3937 in
759 3885 800 3937 ea
823 3885 894 3958 quo
917 3862 1017 3934 nobis
1039 3860 1203 3934 tenemini
1230 3860 1398 3934 fidelitate
1420 3858 1564 3933 firmiter
1578 3861 1798 3956 injungentes
1818 3870 1854 3933 et
1877 3861 1945 3933 sub
1961 3860 2104 3934 obtentu

700 3987 808 4083 gratie
826 3996 941 4060 nostre
962 3985 1112 4059 districte
1130 3985 1357 4081 precipientes
1383 4007 1429 4058 ne
1451 3985 1531 4081 quis
1547 3992 1700 4057 restrum
1721 4004 1782 4057 eos
1803 3984 1911 4056 verbo
1926 3984 1984 4058 vel
2001 3986 2101 4075 lacto,

698 4113 733 4183 iu
753 4111 908 4207 personis
929 4119 990 4183 aut
1010 4110 1114 4182 rebus
1132 4118 1307 4203 presumat
1328 4108 1529 4199 molestare,
1548 4108 1611 4181 sed
1633 4108 1797 4181 bonorem
1821 4119 1855 4181 et
1878 4108 2104 4182 reverentiam

697 4258 804 4331 quarn
822 4234 922 4308 decet
940 4252 1002 4329 pro
1020 4254 1121 4328 posse
1139 4242 1255 4305 vestro
1270 4232 1436 4305 studeatis
1461 4230 1663 4328 impendere
1679 4230 1823 4304 eisdem.
1842 4232 1878 4303 Si
1894 4232 1976 4326 quis
1990 4238 2106 4303 autem

699 4372 850 4434 restrum
881 4368 958 4455 post
990 4366 1206 4463 prenotatam
1238 4364 1392 4429 nostrum
1426 4354 1627 4429 mandatum
1655 4376 1745 4427 ausu
1777 4356 1958 4427 temerario
1989 4361 2107 4427 contra

699 4492 905 4557 memoratos
928 4489 1061 4554 nostros
1087 4481 1306 4576 cappellanus
1324 4490 1359 4554 et
1382 4480 1512 4553 clerum
1537 4478 1783 4575 presumpserit
1806 4477 1939 4572 aliquid
1956 4486 2107 4571 attemp-

700 4618 790 4699 tare,
823 4628 963 4700 gravem
988 4604 1152 4679 offensam
1179 4614 1215 4677 et
1238 4598 1508 4700 indignationem
1537 4612 1654 4677 nostre
1677 4602 1887 4676 celsitudinis
1913 4624 1952 4675 se
1976 4600 2111 4674 noverit

701 4730 898 4804 iucurrisse.
927 4730 969 4802 Et
997 4750 1060 4802 uos
1087 4728 1233 4802 sculteto
1260 4729 1321 4823 qui
1343 4750 1405 4824 pro
1430 4737 1584 4824 tempore
1612 4728 1716 4801 luerit
1739 4728 1806 4800 sub
1830 4726 1973 4800 obtentu
2000 4723 2109 4819 gratie

705 4864 820 4928 nostre
844 4853 1053 4951 precipimus
1081 4862 1119 4926 ut
1142 4854 1193 4926 sio
1216 4853 1439 4928 temeritatem
1462 4852 1568 4926 unius
1588 4850 1727 4925 studeat
1748 4858 1906 4925 coercere
1925 4872 1971 4923 ne
1988 4846 2109 4922 cousi-
