4859 6359
378 804 476 865 rma.
492 801 538 878 a]
831 794 1028 861 ararorun
1052 792 1345 855 nrrnounrrcn
1732 800 1794 865 cra

379 936 490 1011 tribus
512 934 789 1011 Predieatoribus
813 955 834 1007 a
862 933 1000 1007 civibus
1028 929 1153 1004 nostris
1177 928 1215 1001 in
1241 927 1427 1022 Enetingan
1452 930 1589 1005 noviter
1612 932 1788 1031 collatam,

378 1069 487 1133 ratam
518 1058 705 1147 habemus,
733 1058 840 1129 immo
868 1056 971 1129 nobis
995 1054 1032 1127 in
1058 1051 1125 1127 hoc
1152 1051 1348 1149 impensum
1370 1052 1549 1127 servitium
1572 1066 1785 1152 reputamus.

379 1181 555 1278 Quicquid
576 1204 660 1255 vero
678 1180 842 1279 predictis
862 1179 1024 1253 iratribus
1042 1178 1079 1249 in
1098 1176 1221 1251 eadem
1239 1198 1320 1251 area
1335 1199 1398 1273 per
1414 1179 1617 1251 sententiam
1628 1182 1788 1275 judicum

378 1307 535 1402 ejusdem
551 1306 699 1380 civitatis
715 1314 768 1379 est
781 1304 1019 1399 adjudicatum
1038 1324 1118 1374 cum
1137 1300 1197 1375 via
1217 1302 1399 1396 contigua,
1418 1302 1677 1398 confirmamus,
1695 1315 1730 1379 et
1743 1328 1789 1381 ne

377 1432 562 1527 qumquam
587 1452 691 1526 super
708 1428 775 1503 hoc
796 1428 889 1525 ipsus
904 1426 1032 1501 audeat
1047 1424 1265 1522 perturbare,
1282 1434 1475 1521 presentem
1496 1428 1660 1523 paginam
1682 1430 1787 1523 sigilli

376 1555 483 1629 nostri
509 1554 702 1628 munimine
734 1552 949 1627 roboramus.
979 1550 1120 1647 Siquis
1147 1558 1263 1623 autem
1287 1571 1377 1623 ausu
1411 1551 1591 1625 temerario
1618 1554 1788 1629 contraite

377 1678 641 1776 presumpserit,
665 1676 938 1772 indignationem
959 1683 1111 1749 nostram
1131 1674 1371 1769 gravissimam
1389 1674 1575 1748 incurrisse
1590 1696 1628 1748 se
1650 1679 1787 1752 noverit

376 1812 410 1878 et
426 1804 603 1877 offensam.

423 1930 548 2001 Datum
561 1924 761 2018 Euelingem
775 1945 868 1998 anno
883 1922 1311 1998 dominiceincarnationis
1324 1924 1371 1997 Μο
1383 1922 1445 1997 CC⁰
1457 1925 1648 2019 xx0xlt1·,
1666 1936 1787 2023 quarto

378 2048 601 2143 nonasjunii,
623 2047 814 2122 indictione
829 2048 898 2122 ΥΡ.

604 2332 1101 2345 -ᾞ-κ--ο
1130 2335 1155 2343 -
1162 2335 1168 2342 ι

425 2586 630 2695 Henricus,
649 2586 912 2671 Romanorum
932 2612 1019 2691 rex,
1040 2585 1220 2697 hospitali
1246 2588 1394 2673 noviter
1418 2590 1581 2676 fundato
1597 2592 1637 2674 in
1655 2592 1787 2679 Wim-
1938 2696 1946 2711 .

374 2721 464 2833 pina
477 2721 543 2833 jus
560 2732 784 2833 patronatus
806 2722 910 2833 apud
927 2722 1035 2806 iiius
1052 2722 1093 2803 in
1110 2721 1256 2805 donum
1278 2722 1463 2806 concedit.

453 2938 625 3019 (Memorat.
646 2956 695 3019 ap.
709 2937 872 3013 Bonum,
889 2938 1002 3019 lthct.
1017 2938 1140 3017 impos,
1155 2953 1186 3015 p.
1202 2946 1279 3013 att,
1301 2948 1336 2998 n·
1351 2947 1426 3017 tot,
1444 2955 1483 3000 cx
1496 2938 1572 2999 ttbro
1584 2942 1784 3020 munusutpto

491 3047 723 3123 Wnrdtwstntt,
751 3048 832 3111 dicto
856 3046 984 3109 Manat.
1020 3045 1181 3123 wormat,
1207 3044 1286 3122 opud
1314 3045 1491 3125 lictdsthug
1509 3051 1676 3124 manto,
1701 3052 1726 3109 t.
1749 3048 1783 3129 1,

490 3152 542 3215 ici.
557 3153 642 3231 tot.)

418 3340 534 3415 Testes
559 3340 665 3435 hujus
685 3342 737 3417 rei
759 3353 842 3416 sunt
862 3371 872 3415 ε
891 3342 929 3415 C.
952 3342 1062 3416 abbas
1085 3342 1201 3417 Sancti
1225 3340 1331 3433 Galli,
1359 3338 1398 3413 C.
1425 3339 1502 3414 dux
1522 3339 1568 3414 ds
1589 3344 1714 3438 chire,
1736 3346 1778 3421 a.

371 3464 542 3561 palatinus
560 3488 674 3541 comes
696 3466 742 3541 de
759 3467 953 3562 Tubingen,
979 3489 1093 3542 comes
1108 3466 1165 3540 W.
1186 3465 1394 3559 intersim,
1418 3464 1650 3539 Hartmannus
1666 3490 1782 3544 eomes

371 3588 415 3663 de
443 3590 638 3687 Diilingcn,
671 3592 714 3663 Η.
741 3592 895 3666 marchio
918 3590 964 3666 do
989 3591 1124 3685 Baden,
1156 3590 1199 3663 Η.
1228 3588 1385 3663 marchio
1411 3589 1457 3663 de
1477 3590 1647 3684 Burgarr,
1670 3592 1712 3663 Η.
1735 3592 1782 3667 de

369 3712 518 3810 Kiburg‚
633 3736 748 3791 comes
770 3715 817 3790 de
841 3716 974 3807 Uruch,
997 3715 1175 3790 Heinricus
1197 3725 1234 3789 et
1252 3712 1414 3789 Albertus
1438 3714 1485 3788 de
1506 3714 1640 3808 Nitien,
1663 3724 1699 3789 et
1721 3717 1779 3788 atii

370 3840 601 3934 quamplures.

415 3964 543 4036 Datum
573 3964 624 4063 (a)
652 3986 744 4041 anno
776 3966 950 4041 dominica
979 3962 1223 4040 incarnationis
1250 3960 1497 4056 uocxxxltt
1527 3960 1642 4059 pridie
1671 3983 1781 4038 nonas

365 4088 474 4181 junii,
494 4088 684 4165 indictione
699 4100 813 4165 sexta.

421 4622 627 4733 demicus,
650 4624 913 4709 Romanorum
939 4651 1025 4733 rex,
1045 4623 1219 4709 officiatis
1240 4636 1278 4709 et
1294 4625 1603 4736 procuratoribus
1629 4626 1710 4711 suis
1735 4629 1776 4713 in
1820 4648 1923 4749 ndi?
1952 4732 1959 4755 ‚

408 4808 449 4893 (a)
469 4812 560 4877 Deest
575 4817 609 4877 tn
620 4815 724 4879 codiee
738 4817 851 4879 mentio
865 4815 936 4894 locu
955 4817 1152 4879 vuutmllttcr
1168 4823 1268 4879 tamen
1286 4816 1521 4882 subaudiendum
1539 4820 1686 4885 credimus
1697 4820 1779 4903 opud
1847 4759 1878 4814 ‘J

370 4918 560 5006 Eusciinycn.
