4859 6359
615 825 674 888 tet
1111 831 1327 894 rutnuutcl
1351 830 1525 894 secuto!
1835 837 1915 914 [aar.
1936 839 2021 902 1235.

661 959 747 1034 Acta
768 971 849 1034 sunt
870 963 935 1036 hec
959 985 1051 1038 anno
1076 965 1249 1040 dominice
1272 963 1661 1040 nemusculum.
1687 967 1862 1045 tricesimo
1880 973 2020 1068 quinto,

610 1109 730 1162 mense
743 1087 899 1182 augusti,
915 1095 1038 1162 octavo
1052 1087 1265 1162 indictionis.

659 1213 744 1284 Data
760 1210 857 1306 apud
870 1213 1083 1306 depenowe,
1100 1233 1205 1299 anno,
1221 1233 1342 1286 mense
1353 1219 1389 1286 et
1405 1211 1594 1286 indictione
1606 1215 1813 1312 prescriptis.

867 1533 1779 1551 ——n—mm,——.

448 1836 517 1879 sm
659 1806 893 1916 Fridericns,
913 1806 1174 1891 Romanorum
1191 1803 1413 1914 imperator,
1432 1805 1484 1888 sd
1507 1805 1819 1915 supplicationem
1843 1833 2014 1918 praepo-

606 1940 668 2024 siti
694 1951 732 2024 et
762 1939 917 2050 capituli
943 1939 1071 2024 Sancti
1098 1937 1257 2022 Servatii
1283 1938 1324 2020 in
1351 1937 1541 2048 impeto,
1565 1939 1792 2022 sententiam
1817 1943 2014 2049 quondam

604 2099 734 2157 coram
760 2073 842 2156 filio
866 2096 937 2156 suo
961 2073 1081 2154 latam
1098 2071 1299 2156 confirmat
1313 2099 1392 2182 qua
1407 2071 1482 2156 init
1498 2071 1703 2156 diffinitum
1719 2055 1895 2156 eamdam
1911 2101 2012 2184 cap-

603 2206 744 2316 pellam
761 2207 811 2288 ad
834 2205 1137 2315 jurisdictionem
1153 2205 1303 2314 imperii
1333 2205 1521 2315 perfinere
1550 2232 1675 2316 neque
1699 2206 1877 2316 episcopo
1906 2207 2011 2292 beo-

600 2340 723 2424 diensi
740 2340 781 2421 in
798 2339 927 2448 aliquo
945 2341 1077 2422 teneri.

678 2555 797 2637 (Edidit
817 2555 975 2628 ldmnnus,
992 2552 1077 2633 Opsr.
1101 2549 1236 2633 diplom,
1259 2560 1334 2616 mm.
1353 2552 1408 2630 IV,
1429 2571 1462 2632 p.
1484 2563 1565 2632 2553
1586 2554 1654 2614 coll.
1680 2571 1749 2616 cum
1769 2555 1897 2618 ebertnl.
1921 2555 2007 2620 MSS.

717 2662 749 2725 S.
765 2663 877 2725 Servat.
893 2666 925 2722 tn
947 2659 1025 2721 Bibl.
1045 2676 1108 2738 reg.
1122 2661 1232 2740 Paris,
1246 2665 1320 2721 tom.
1334 2660 1368 2734 1,
1389 2678 1420 2738 p.
1437 2669 1475 2722 to
1486 2667 1517 2720 ct
1528 2679 1560 2740 p.
1578 2669 1615 2721 ee
1634 2677 1732 2740 verso,
1746 2664 1777 2720 ln
1790 2662 1926 2723 condrm.
1941 2663 2007 2724 llu-

716 2768 789 2830 doid
809 2770 902 2846 regie3
917 2773 942 2828 t.
958 2765 1003 2840 11,
1025 2783 1055 2842 p.
1076 2774 1133 2826 1⁵0
1156 2783 1259 2840 versor
1274 2771 1296 2826 t.
1313 2767 1375 2840 111,
1396 2783 1428 2844 p.
1444 2774 1481 2826 47
1497 2773 1585 2827 recto
1600 2764 1713 2828 Montio
1725 2767 1761 2827 ut
1773 2769 1877 2846 sigilli,
1890 2776 1962 2830 tnnc
1974 2772 2005 2829 tn

715 2875 880 2954 fragmenta
893 2871 1052 2949 conbacd,
1065 2872 1167 2933 caudis
1180 2875 1382 2950 pergamensis
1392 2875 1535 2951 appensi.)

642 3061 849 3151 Fridericns,
874 3061 936 3134 Dei
959 3060 1070 3154 gratia
1083 3061 1316 3134 Romanorum
1334 3061 1519 3157 imperator
1537 3081 1674 3156 semper
1693 3070 1880 3156 augustus,
1898 3063 2003 3134 Ieru-

592 3188 700 3260 salem
714 3195 750 3259 et
765 3185 881 3259 Sicilie
895 3206 976 3274 rex,
998 3185 1170 3257 universis
1186 3206 1249 3279 per
1266 3185 1452 3281 imperinm
1468 3185 1663 3258 constitutis
1680 3195 1855 3280 presentes
1874 3185 2003 3259 litteras

592 3309 797 3404 inspecturis
821 3307 981 3381 fidelibus
1007 3307 1081 3381 suis
1105 3307 1250 3402 gratiam
1275 3319 1434 3381 suamet
1458 3307 1727 3382 omnebonum.
1758 3309 2004 3403 Exposuerunt

592 3431 760 3524 majestati
779 3439 895 3504 nostre
917 3431 1109 3526 prepositus
1127 3441 1162 3504 et
1181 3431 1372 3525 capitulum
1387 3433 1544 3528 cappello
1564 3442 1680 3506 nosue
1695 3433 1786 3506 beati
1800 3433 1946 3504 Servatii
1964 3433 2000 3504 in

591 3557 758 3648 Trajecto‚
773 3553 895 3628 fideles
908 3556 1029 3646 nostrl,
1044 3555 1140 3649 quod
1150 3577 1231 3628 cum
1240 3557 1387 3630 dilectos
1400 3557 1560 3654 princeps
1570 3567 1685 3630 noster
1696 3559 1904 3631 venerabilis
1920 3559 2000 3654 epi-

590 3703 715 3777 scopus
744 3681 943 3755 leodiensis
966 3681 1075 3777 ipsam
1108 3682 1297 3778 cappellam
1327 3692 1445 3758 contra
1464 3686 1524 3776 jus
1553 3691 1707 3756 nostrum
1736 3692 1772 3756 ct
1799 3683 1935 3778 imperii
1958 3705 1999 3756 ac

591 3805 700 3900 ipsius
714 3806 859 3879 ecclesie
874 3807 1063 3880 libertatem
1081 3806 1259 3900 quondam
1278 3805 1346 3878 sibi
1362 3806 1533 3898 subjicere
1551 3807 1717 3879 niteretur
1731 3817 1767 3880 et
1782 3818 1918 3901 pmpter
1932 3807 1998 3880 boc

590 3950 705 4004 coram
744 3950 825 4024 rege
854 3927 923 4002 lilio
952 3939 1068 4004 nostro
1089 3941 1124 4002 et
1155 3929 1387 4002 assidentibus
1413 3931 1446 4002 ei
1477 3930 1692 4026 principibus
1720 3931 1844 4002 citatus
1873 3931 1994 4021 fuerit,

590 4053 730 4128 undem
749 4063 789 4126 ut
808 4054 959 4128 constitit
978 4055 1044 4126 fuit
1065 4054 1265 4128 solemniter
1286 4054 1472 4130 diffinitum
1494 4075 1556 4149 per
1574 4055 1777 4128 sententiam
1802 4054 1995 4149 principum

589 4175 809 4265 eorumdem,
830 4176 994 4252 videlicet
1008 4179 1221 4272 Maguntini,
1238 4177 1455 4252 Trevereneia
1478 4187 1514 4251 et
1531 4177 1742 4251 Coloniensis
1765 4177 1994 4272 archiepisco·

589 4321 728 4396 pornm,
742 4301 1070 4395 ,umennsrgsnsie
1097 4301 1276 4390 ucrensis,
1302 4301 1475 4396 Spirensis
1499 4313 1536 4376 ct
1563 4302 1731 4374 Tullensis
1755 4301 1992 4395 episcoporum

585 4436 620 4498 et
650 4427 795 4498 aliorum
831 4427 1088 4522 quamplurium
1122 4426 1324 4498 clericorum
1353 4436 1388 4498 et
1421 4427 1585 4500 laicorum
1610 4427 1828 4521 principum,
1858 4447 1992 4498 necnon

586 4549 734 4637 ducum,
751 4550 914 4622 comitum
937 4560 972 4622 ct
991 4550 1159 4622 nobilium
1185 4551 1432 4644 plurimorum,
1453 4549 1581 4622 dictam
1604 4549 1795 4645 cappellam
1816 4549 1863 4622 ad
1885 4550 1991 4642 juris·

587 4675 771 4748 dictionem
788 4683 989 4748 nostramet
1010 4675 1144 4770 imperii
1168 4675 1341 4771 pertinere
1361 4685 1397 4748 et
1419 4675 1533 4750 eidem
1553 4676 1717 4771 episcopo
1731 4675 1768 4748 in
1786 4676 1903 4769 aliquo
1922 4697 1989 4748 non

586 4800 706 4872 teneri.
728 4801 868 4896 Propter
892 4799 987 4893 qnod
1012 4801 1186 4872 humiliter
1216 4802 1450 4894 supplicarunt
1473 4810 1512 4872 ut
1535 4799 1738 4874 sententiam
1763 4799 1874 4893 ipsam
1902 4819 1990 4870 oon-

587 4922 723 4996 firmars
737 4922 781 4996 de
797 4934 911 4996 nostra
925 4925 1033 5018 gratia
1049 4925 1284 5016 dignaremur.
1302 4923 1372 4996 Nos
1386 4923 1494 5017 igitur
1511 4923 1614 5016 justis
1629 4943 1750 4997 eorum
1767 4922 1990 5017 petitionibus
