4859 6359
410 770 509 831 lrnrtn.
529 768 593 847 10.]
864 767 1061 831 HISTORIA
1085 767 1378 831 olebomerlcll.
1763 766 1821 829 917

411 904 576 999 episcopi,
593 901 872 976 detrectationem
883 906 1182 979 armatur.llemm
1192 904 1363 999 uealiqua
1374 901 1420 975 de
1433 900 1521 975 Sede
1532 899 1727 996 apostolica
1738 924 1820 975 vere

410 1029 467 1100 vel
476 1026 889 1121 apparenterexcellentie
897 1037 957 1100 tue
967 1030 1311 1122 querelacousurgat,
1322 1026 1383 1097 tibi
1395 1034 1513 1097 contra
1521 1024 1715 1120 predictum
1728 1026 1819 1118 lege·

411 1164 486 1223 tum
507 1170 578 1243 que
595 1148 751 1222 nondum
770 1151 927 1244 probatio
945 1172 1008 1225 seu
1032 1154 1203 1226 mulessio
1224 1150 1348 1242 objecti
1372 1149 1524 1221 oriminis
1546 1156 1580 1221 01
1603 1149 1713 1243 ignoti
1731 1170 1820 1223 con-

410 1276 521 1349 vincit
532 1273 682 1369 experiri
695 1274 844 1362 volenti,
862 1296 984 1348 sumus
993 1277 1161 1369 Justitiam
1172 1276 1338 1349 exhibere
1351 1274 1472 1368 parati.
1484 1273 1647 1347 delerem
1661 1294 1706 1347 ue
1716 1296 1821 1370 super

410 1398 597 1492 imperialis
613 1396 828 1470 celsitudinis
851 1398 897 1471 de
919 1400 1124 1493 coercenda,
1146 1410 1185 1472 ut
1207 1400 1277 1473 tuis
1293 1399 1408 1472 verbis
1436 1406 1584 1488 utemur,
1605 1400 1819 1473 contumacia

410 1521 681 1594 bombardorum
704 1523 960 1615 responsionem
977 1523 1161 1597 videamur
1181 1546 1245 1619 per
1263 1523 1474 1595 oblivionem
1501 1523 1555 1595 vel
1574 1522 1819 1615 negligentiam

410 1645 601 1736 distulisse,
622 1644 738 1717 dictus
757 1646 918 1739 magister
934 1648 998 1720 tibi
1014 1650 1212 1721 satisfacere
1229 1647 1353 1742 potuit;
1370 1644 1415 1719 de
1433 1648 1532 1739 cujus
1551 1646 1693 1718 consilio
1714 1646 1820 1720 dilec-

409 1780 483 1842 tum
510 1768 619 1841 filium
641 1768 683 1841 G.
710 1768 963 1842 subdiaconum
987 1781 1023 1843 et
1044 1772 1262 1867 capellanum
1283 1780 1439 1843 nostrum
1465 1768 1510 1841 ed
1537 1769 1750 1842 tractandum
1774 1770 1820 1844 de

410 1914 495 1988 pace
512 1893 680 1965 duximus
695 1891 953 1966 destinandum.
976 1895 1092 1979 Quare
1113 1894 1290 1990 responsio
1312 1894 1376 1966 tibi
1392 1902 1488 1987 grata
1506 1914 1574 1965 non
1593 1903 1726 1989 poterat
1743 1892 1820 1967 fieri

409 2037 471 2111 per
490 2038 595 2109 quem
617 2025 797 2089 bacatum
817 2016 1001 2091 concordie
1020 2019 1241 2112 contingebat
1265 2019 1402 2112 penitus
1426 2017 1600 2111 impediri.
1627 2020 1698 2091 Neo
1715 2020 1817 2093 etiam

410 2140 510 2213 nobis
525 2140 571 2213 (10
585 2140 719 2232 obiecta
731 2142 783 2214 eis
794 2144 1013 2215 contumacia
1025 2143 1189 2233 constitit,
1208 2142 1256 2215 ((1
1273 2163 1361 2236 quos
1378 2163 1441 2237 pro
1456 2142 1545 2213 lacto
1563 2142 1698 2237 imperii
1712 2164 1817 2215 mau-

409 2264 529 2337 datum
551 2266 773 2359 apostolicum
797 2268 854 2338 cui
877 2267 1026 2361 superba
1050 2268 1184 2339 cervice
1206 2266 1389 2339 restiterint
1407 2266 1603 2337 nuliatenus
1622 2267 1815 2355 emanavit3

367 2366 380 2387 ’
408 2389 490 2481 quin
506 2390 578 2461 imo
590 2390 873 2489 compromissum
886 2391 922 2461 iu
934 2411 1059 2462 manns
1072 2399 1205 2462 nostras
1221 2390 1407 2462 venerabili
1427 2391 1528 2463 lratre
1544 2399 1660 2461 nostro
1674 2389 1818 2484 patriar·

408 2511 474 2584 cha
498 2510 715 2585 Antiocheno
736 2523 944 2608 procurante
964 2522 1068 2608 teque
1090 2523 1228 2609 petente
1253 2512 1446 2605 firmantes,
1475 2514 1539 2585 etsi
1568 2513 1655 2585 inira
1682 2523 1818 2607 tempus

408 2636 538 2709 nuntiis
561 2636 631 2707 tuis
649 2658 712 2731 pro
732 2646 792 2709 tua
812 2639 989 2711 voluntate
1011 2637 1203 2735 prefixum,
1227 2636 1274 2709 ad
1294 2646 1443 2709 nostram
1468 2637 1674 2731 presentiam
1701 2637 1819 2709 venire

407 2759 641 2854 nequiverint,
653 2762 824 2833 maculam
843 2773 958 2833 tamen
971 2784 1056 2855 erga
1072 2771 1119 2853 te,
1133 2762 1162 2833 si
1181 2760 1252 2833 dici
1270 2770 1394 2855 potest,
1409 2761 1589 2833 commisse
1606 2762 1819 2837 contumacia

407 2904 468 2978 per
481 2885 656 2978 sequentis
672 2884 905 2957 obedientiam
920 2886 1158 2981 compromissi
1175 2907 1196 2957 a
1213 2906 1253 2957 se
1269 2884 1432 2957 videntur
1448 2885 1586 2980 penitus
1603 2886 1814 2963 abstersisse.

407 3008 514 3101 lgitnr
526 3009 556 3080 si
570 3018 685 3083 nostre
697 3018 731 3082 te
746 3010 867 3083 leceris
880 3010 1033 3083 doctrine
1045 3010 1273 3105 discipulum,
1292 3009 1322 3081 si
1340 3008 1517 3103 apostolici
1532 3030 1713 3104 processus
1725 3012 1816 3085 circa

407 3133 571 3206 bonorem
587 3143 686 3206 tuum
698 3156 782 3229 sepe
793 3136 911 3229 sepius
927 3134 1036 3207 babiti
1054 3134 1237 3207 imitareris
1253 3134 1567 3228 exemplum,justa
1582 3134 1713 3208 monita
1730 3154 1815 3209 nos-

407 3267 457 3329 11(
473 3278 581 3352 super
597 3258 788 3331 commissis
801 3260 838 3330 in
854 3280 963 3353 Quo
977 3258 1188 3352 corrigendis
1203 3258 1404 3331 excessibus
1419 3258 1547 3354 pluries
1562 3260 1608 3331 ab
1621 3259 1721 3331 annis
1736 3280 1816 3354 pre·

407 3383 515 3454 teritis
528 3382 693 3477 replicata
711 3392 746 3455 et
763 3383 865 3455 toties
881 3404 983 3478 passa
1000 3383 1205 3478 repulsionis
1222 3384 1402 3476 injuriam,
1426 3383 1471 3456 ad
1495 3383 1648 3456 debitum
1665 3384 1815 3457 exaudi·

405 3506 507 3579 donis
524 3506 738 3597 admitteres,
754 3507 882 3599 injusta
906 3528 1047 3601 quoque
1073 3530 1143 3601 que
1164 3530 1344 3602 nunquam
1369 3507 1432 3579 tibi
1456 3508 1629 3581 credimus
1651 3530 1698 3581 ex
1722 3518 1815 3581 certa

406 3628 548 3702 scientia
572 3628 756 3720 direxisse,
771 3631 891 3726 procul
914 3631 960 3704 ab
981 3632 1168 3726 imperialis
1192 3632 1309 3705 limine
1334 3631 1563 3704 concessionis
1587 3652 1732 3704 arceres.
1747 3631 1815 3705 Sed

406 3772 488 3824 ecce
511 3743 616 3847 super
642 3754 731 3827 lacto
755 3754 980 3827 ecclesiarum
1005 3756 1103 3847 regui
1133 3754 1230 3849 quod
1256 3754 1318 3827 tibi
1348 3755 1384 3826 in
1411 3755 1530 3827 litteris
1557 3756 1678 3827 nostris
1703 3754 1815 3850 primo

406 3874 547 3949 directis
557 3878 625 3949 sub
640 3898 766 3972 genere
781 3876 959 3951 indefinite
971 3879 1186 3975 proponitur,
1205 3878 1303 3973 quod
1317 3878 1365 3952 ad
1382 3879 1450 3951 boo
1466 3900 1535 3951 non
1553 3879 1699 3951 tenearis
1714 3879 1815 3973 quasi

405 3997 513 4072 dubia
535 4000 761 4096 respondere,
788 4025 810 4074 a
836 4012 871 4075 10
896 4002 981 4076 10(Ιί
1006 4004 1228 4099 responsione
1252 4002 1412 4098 preterita
1435 4004 1547 4076 vocali
1571 4006 1815 4079 commentario

405 4124 595 4216 incongrue
611 4125 851 4220 respondetur,
874 4134 949 4197 tum
969 4128 1053 4221 quia
1071 4130 1196 4200 frustra
1214 4127 1400 4222 requiritur
1419 4136 1459 4199 ut
1476 4128 1665 4222 singularia
1686 4128 1814 4223 speciei

405 4248 462 4319 vel
479 4248 642 4342 specialia
660 4247 767 4322 fidem
787 4250 912 4323 iaciant
933 4251 1074 4344 generi,
1097 4272 1178 4323 cum
1200 4272 1312 4345 genus
1329 4260 1364 4323 et
1381 4252 1514 4345 species
1532 4253 1745 4325 manifestam
1766 4273 1813 4325 ex

405 4392 444 4443 se
459 4372 604 4465 prebent
621 4373 775 4445 notitiam
795 4374 949 4464 veritati,
964 4384 1094 4447 etcum
1111 4374 1369 4447 individuorum
1390 4376 1532 4448 scientia
1550 4376 1649 4468 quasi
1668 4397 1714 4447 ex
1731 4375 1813 4449 infi-

405 4494 511 4568 nitate
527 4497 761 4589 conluuditor,
774 4496 821 4569 ad
836 4497 1029 4570 doctrinam
1045 4498 1290 4571 universalium
1309 4519 1524 4594 supervacue
1541 4498 1728 4589 singularia
1742 4502 1813 4573 col·

406 4618 577 4712 liguntur3
592 4630 667 4693 tum
681 4623 765 4715 quia
778 4643 848 4717 que
861 4623 897 4693 in
910 4622 1032 4718 primis
1046 4622 1165 4695 litteris
1180 4623 1248 4695 sub
1257 4622 1435 4696 indefinita
1444 4623 1527 4694 inse
1540 4631 1653 4695 tamen
1667 4623 1812 4696 aliorum

407 4740 547 4817 definita
565 4748 685 4819 notitia
700 4749 797 4820 luere
811 4750 997 4845 proposita,
1017 4770 1064 4821 ex
1080 4746 1375 4843 superabundanti
1393 4747 1431 4819 iu
1446 4747 1564 4819 litteris
1581 4747 1704 4819 nostris
1719 4747 1766 4821 ad
1781 4757 1814 4823 te

382 4868 560 4941 secundo
586 4870 805 4943 currentibus
829 4892 892 4967 per
916 4871 1025 4945 multa
1046 4872 1184 4945 fuerunt
1207 4870 1428 4974 particularia
1449 4870 1639 4964 declarata,
1662 4871 1750 4946 sicut
1776 4874 1813 4945 iu
