4859 6359
575 767 638 832 avo
1075 771 1295 835 rntnsnvcv
1319 768 1495 832 sscvvnv
1798 774 1879 851 [aa.
1896 775 1982 840 vass

577 923 655 972 rum
674 902 807 998 aliquid
837 906 1027 1000 questionis
1054 907 1232 998 habuerit,
1265 905 1355 977 intra
1373 905 1547 978 civitatem
1572 926 1689 978 coram
1711 907 1822 1002 ipsius
1837 910 1985 984 civitatis

575 1024 754 1116 judicibus
770 1051 850 1100 eum
866 1029 1008 1126 impetat
1022 1031 1139 1126 ibique
1148 1031 1180 1102 ei
1196 1027 1403 1125 respondeat
1415 1037 1450 1100 et
1462 1028 1660 1102 satisfaciat.
1671 1031 1849 1104 presertim
1862 1032 1983 1106 eadem

578 1150 782 1224 auctoritate
799 1151 965 1248 imperiali
981 1153 1200 1227 concedimus
1217 1162 1251 1226 et
1269 1151 1491 1245 indulgemus
1506 1151 1601 1246 quod
1618 1163 1822 1226 mercatores
1831 1155 1983 1251 ipsorum

578 1293 641 1368 par
656 1295 823 1368 equarum
843 1274 1010 1350 decursus
1023 1299 1102 1350 cum
1110 1277 1183 1350 suis
1197 1275 1429 1350 mercimoniis
1442 1283 1579 1366 euntes,
1597 1297 1818 1370 quocumque
1831 1279 1981 1352 looomm

577 1394 719 1489 navigia
737 1398 956 1492 pervenient,
984 1399 1014 1472 si
1032 1421 1102 1494 quo
1127 1421 1208 1472 casu
1226 1397 1445 1492 contingente
1461 1404 1563 1492 rupta
1577 1397 1705 1468 luerint
1722 1398 1778 1471 vel
1793 1397 1840 1472 ad
1858 1407 1981 1472 terram

575 1519 815 1614 pervenerint,
834 1541 879 1594 ne
894 1522 1085 1617 periculum
1102 1521 1273 1618 naufragii
1287 1543 1367 1594 cum
1381 1541 1496 1593 rerum
1516 1541 1660 1592 suarum
1681 1518 1889 1596 dimersione
1905 1545 1981 1618 per·

575 1640 688 1734 pessi,
709 1642 851 1737 aliquod
880 1644 915 1715 in
946 1645 1047 1718 bonis
1072 1646 1144 1719 suis
1177 1645 1307 1720 idcirco
1333 1642 1557 1740 dispendium
1591 1643 1781 1715 sustineant
1815 1645 1873 1718 vel
1900 1647 1981 1738 jac-

576 1771 707 1856 turam,
734 1767 797 1839 sed
819 1777 888 1840 tam
915 1769 1050 1863 navigia
1074 1793 1178 1864 quam
1206 1769 1444 1863 navigantium
1474 1767 1567 1840 bona
1597 1767 1666 1838 illis
1695 1777 1912 1841 reserventur
1934 1769 1980 1842 ad

576 1908 664 1980 quos
682 1891 884 1984 spectabant
913 1902 1097 1988 antequam
1127 1893 1304 1986 navigium
1328 1890 1529 1983 hujusmodi
1549 1890 1740 1984 periculum
1764 1892 1977 1986 incurrisset;

576 2010 711 2083 snblnta
725 2013 863 2108 penitus
879 2017 974 2088 omni
991 2015 1243 2089 consuetudine
1258 2017 1424 2088 locorum.
1440 2015 1609 2088 Volumus
1623 2014 1740 2108 itaque
1760 2012 1880 2088 fideles
1899 2038 1978 2090 uos·

576 2145 648 2206 tros
665 2135 759 2208 cives
786 2135 1052 2232 Argentinenses
1064 2139 1248 2212 consistere
1273 2140 1311 2210 in
1326 2138 1422 2212 omni
1434 2139 1515 2232 jure
1537 2137 1715 2210 ethonore
1731 2149 1835 2232 atque
1851 2140 1980 2212 consti·

575 2255 719 2349 tutione,
731 2257 854 2333 sicuta
868 2259 960 2334 divis
971 2263 1248 2358 progenitoribus
1261 2263 1385 2336 nostris
1396 2283 1478 2353 avo,
1491 2269 1587 2356 patre
1598 2268 1703 2354 atque
1715 2270 1840 2356 patruo
1849 2272 1975 2354 nostru,

575 2380 700 2454 inclitis
723 2384 953 2460 Romanorum
971 2387 1235 2485 imperatoribus
1250 2397 1285 2461 et
1302 2387 1460 2482 regibus,
1480 2407 1600 2459 eorum
1616 2388 1755 2460 luerunt
1771 2389 1979 2483 temporibus

572 2505 762 2580 sublimati.
790 2511 983 2586 Statueutee
1002 2523 1037 2586 et
1053 2513 1222 2609 imperiali
1248 2513 1361 2586 edicto
1385 2511 1539 2586 districte
1564 2511 1789 2608 precipientes
1816 2515 1978 2606 quatinus

574 2629 660 2700 nulli
682 2654 835 2726 uuquam
853 2633 1032 2708 bominum
1054 2637 1193 2710 sublimi
1219 2638 1277 2709 vel
1303 2636 1445 2726 humili,
1474 2635 1703 2708 ecclesiastico
1723 2637 1779 2709 vel
1808 2639 1974 2730 seculari,

570 2751 663 2826 hane
679 2765 793 2829 nostre
811 2757 1005 2832 donationis
1030 2781 1094 2834 seu
1109 2759 1378 2832 confirmationis
1400 2757 1563 2854 paginam
1583 2759 1716 2831 licitum
1733 2759 1779 2832 sit
1794 2760 1978 2854 intringere

572 2877 630 2948 vel
647 2878 677 2950 ei
693 2901 780 2952 ausu
798 2882 975 2958 temerario
987 2883 1167 2958 contraire.
1183 2882 1286 2970 Quod
1296 2883 1358 2977 qui
1375 2881 1625 2977 presumpserit
1636 2881 1774 2975 triginta
1784 2881 1889 2954 libras
1900 2883 1976 2956 auri

571 3013 770 3096 componat,
791 3026 938 3098 quarum
955 3006 1119 3080 medietas
1138 3027 1273 3080 camere
1285 3013 1416 3096 nostre,
1436 3005 1569 3098 reliqua
1588 3026 1671 3078 vem
1688 3005 1801 3100 passis
1815 3005 1975 3098 injuriam

570 3125 798 3220 persolvetur.
820 3128 863 3200 Ut
893 3139 1008 3202 autem
1026 3151 1166 3226 presens
1191 3129 1367 3202 concessio
1393 3137 1429 3202 et
1459 3125 1673 3202 confirmatio
1695 3129 1802 3200 robur
1823 3129 1976 3202 obtineat

568 3257 735 3342 perpetuo
753 3251 956 3340 valiturum,
976 3263 1167 3347 presentem
1187 3253 1350 3350 paginam
1367 3251 1536 3324 conscribi
1553 3263 1588 3325 et
1604 3252 1718 3347 sigillo
1738 3261 1853 3324 nosue
1871 3253 1975 3325 celsi-

568 3369 700 3442 tudinis
712 3373 854 3446 secimus
869 3375 1034 3447 roborari.

617 3493 732 3566 Testes
749 3495 854 3588 hujus
869 3497 919 3570 rei
934 3509 1015 3570 sunt
1034 3525 1042 3568 ε
1063 3499 1270 3572 venerabilis
1283 3498 1432 3573 Sitridus
1445 3497 1722 3594 archiepiscopus
1736 3497 1972 3590 Maguntinus‚

564 3615 771 3692 Bertboldus
802 3617 1062 3714 Argentineusis
1085 3623 1289 3720 episcopus,
1316 3625 1417 3719 Hugo
1444 3621 1674 3697 llorbacsnsis
1701 3621 1826 3714 abbas,
1860 3620 1974 3695 dilecti

567 3740 740 3835 principes
755 3744 881 3836 nostri3
899 3745 1114 3820 Hermaunus
1131 3748 1287 3821 marchio
1299 3747 1345 3820 de
1358 3745 1490 3838 Badeo,
1517 3744 1696 3818 Conradns
1710 3744 1918 3838 burgravius
1930 3743 1975 3818 de

564 3863 793 3958 Nuremberc,
821 3867 1013 3942 Fridericus
1043 3870 1088 3944 de
1117 3873 1231 3964 Zolro,
1263 3872 1444 3944 Heinricus
1470 3869 1515 3944 de
1551 3867 1697 3962 Werde,
1735 3866 1895 3940 albertus
1929 3867 1974 3942 de

565 3986 779 4080 Habesburc,
800 3992 993 4066 luitharius
1009 3993 1054 4068 de
1072 3995 1351 4089 Hobenstaeden,
1370 3997 1532 4085 comites;
1552 3992 1773 4068 Burcbardus
1788 3991 1835 4064 de
1850 3991 1973 4064 Gerul-

564 4109 698 4200 teselrs,
725 4113 942 4190 Burcbardus
966 4127 1001 4191 et
1023 4119 1140 4192 Simon
1162 4119 1224 4192 filii
1245 4120 1419 4214 ejusdem,
1445 4118 1654 4194 Ludevvicus
1670 4116 1716 4191 de
1730 4115 1969 4207 lichtenberc,

563 4229 746 4306 Anselmus
762 4233 807 4308 de
821 4237 1049 4334 Repoltstein,
1076 4241 1250 4316 Gerardus
1268 4243 1315 4317 de
1331 4243 1577 4332 Wassenberc,
1602 4238 1785 4312 Conradns
1806 4237 1852 4312 de
1872 4239 1972 4310 Win-

565 4365 683 4430 terstet
698 4357 878 4453 pincerna,
898 4372 935 4434 et
949 4364 1007 4436 alii
1026 4367 1264 4461 quamplures.

617 4479 761 4574 Signum
778 4481 909 4556 domini
927 4487 1032 4560 nostri
1049 4488 1213 4562 Friderici
1234 4487 1396 4578 secundi,
1416 4487 1479 4562 Dei
1493 4487 1603 4579 gratia
1616 4481 1833 4558 invictissimi
1849 4482 1970 4555 Roma·

563 4617 687 4672 norum
706 4601 919 4696 imperatoris
933 4627 1069 4703 semper
1084 4609 1242 4704 angusti,
1262 4607 1450 4680 Jerusalem
1466 4616 1501 4678 et
1517 4605 1635 4679 Sicilie
1652 4603 1756 4698 regis.

611 4721 697 4794 Acta
712 4734 793 4794 sunt
807 4725 870 4798 hec
888 4749 979 4802 anuo
994 4728 1166 4803 dominice
1181 4729 1424 4803 incarnationis
1435 4727 1678 4816 dccxxxvi,
1701 4745 1818 4798 mense
1834 4721 1967 4810 martii,

563 4863 655 4918 nous
672 4843 888 4942 indictionis,
910 4852 1098 4950 imperante
1115 4853 1256 4928 domino
1271 4863 1388 4928 nostro
1401 4851 1571 4926 Friderico
1588 4849 1650 4924 Ilei
1673 4847 1783 4944 gratia
1796 4847 1969 4920 ltomnno·
