4859 6359
602 799 662 862 756
1102 797 1316 860 FlllDlllllCl
1341 795 1515 857 secubet
1828 797 1907 880 [Am
1926 799 2011 860 1235,

605 934 703 1006 curia
715 932 860 1028 imperio
874 933 1124 1024 concessimus,
1145 932 1387 1028 proprietatem
1401 929 1502 1001 nobis
1518 926 1671 1002 debitam
1684 930 1721 1001 in
1739 931 1932 1005 dominium
1946 934 2015 1004 im·

605 1056 693 1152 perii
723 1056 976 1130 transferentes.
1009 1056 1167 1128 Preterea
1192 1055 1317 1126 Ottone
1342 1055 1379 1125 in
1407 1053 1484 1146 ipsa
1502 1053 1655 1142 generali
1673 1056 1769 1127 curia
1790 1057 1826 1126 in
1854 1056 2015 1128 manibus

604 1180 729 1253 nostris
740 1181 907 1253 connexis
923 1179 1046 1274 palmis
1061 1201 1165 1274 super
1180 1187 1298 1250 sancta
1314 1197 1416 1249 cruce
1436 1175 1571 1270 imperii
1597 1198 1667 1270 que
1688 1178 1820 1251 ibidem
1836 1181 2016 1252 tenebatur

603 1312 776 1396 prestante
794 1302 876 1376 fidei
890 1305 1145 1395 juramentum,
1170 1324 1235 1374 nos
1257 1301 1472 1374 attendentes
1488 1321 1596 1392 quam
1613 1323 1703 1396 pura
1721 1301 1809 1392 lide,
1831 1304 1965 1376 sincera
1980 1315 2014 1378 ot

603 1448 710 1522 prona
726 1427 909 1501 devotione
925 1449 963 1500 se
980 1435 1087 1500 totum
1103 1427 1267 1500 mandato
1279 1436 1395 1498 nostro
1412 1435 1447 1497 et
1460 1424 1629 1497 volunteti
1639 1427 1808 1498 commisit
1825 1437 1860 1500 et
1872 1429 1908 1498 in
1927 1449 2014 1523 pro-

603 1549 781 1643 prietatem
800 1559 951 1622 nostram
967 1550 1134 1623 concessit
1150 1549 1287 1645 proprie
1303 1548 1481 1643 proprium
1505 1557 1653 1621 castrum
1671 1572 1774 1622 suum
1797 1550 1843 1623 de
1858 1571 1929 1644 qno
1946 1573 2013 1625 ne-

602 1669 685 1741 mini
704 1671 896 1764 tenebatur,
916 1681 951 1744 et
967 1672 1198 1745 humiliaverit
1215 1693 1253 1744 se
1269 1670 1385 1746 modis
1401 1669 1563 1744 omnibus
1582 1694 1697 1744 ocrem
1712 1673 1831 1764 nobis;
1853 1676 2011 1748 conside·

601 1804 715 1867 rantes
732 1795 874 1892 insuper
889 1795 984 1890 quod
1002 1818 1182 1890 nunquam
1198 1817 1262 1890 per
1277 1817 1358 1867 eum
1375 1796 1478 1867 luerit
1498 1794 1669 1868 offensum
1693 1796 1874 1891 imperium
1894 1808 1930 1870 et
1948 1821 2012 1871 nec

601 1931 719 1992 contra
735 1919 899 1994 honorem
921 1929 1074 1994 nostrum
1094 1919 1138 1992 ad
1157 1921 1415 2013 suggestionem
1433 1921 1582 2014 alicujus
1597 1923 1745 1994 voluerit
1769 1923 1918 1994 inveniri
1933 1921 2007 2019 (l),

601 2045 746 2140 dignum
763 2055 797 2118 et
815 2048 898 2118 utile
912 2047 1066 2120 vidimus
1081 2045 1172 2120 circa
1190 2056 1318 2120 statum
1336 2055 1372 2119 et
1391 2058 1615 2141 augmentum
1626 2047 1738 2142 ipsius
1754 2048 1918 2142 imperiali
1935 2071 2012 2121 mn·

601 2167 774 2240 nilicentia
785 2169 982 2263 providere.
1000 2169 1214 2265 Quapropter
1223 2192 1303 2242 cum
1315 2171 1474 2261 consilio,
1492 2193 1636 2244 assensu
1649 2181 1684 2244 et
1700 2172 1899 2243 assistencia
1913 2172 2010 2266 prin·

601 2293 718 2388 cipum
737 2293 910 2366 civitatem
927 2295 1133 2368 Brunswich
1150 2304 1184 2367 et
1202 2306 1352 2368 castrum
1367 2295 1574 2368 Lunaburch
1590 2317 1669 2368 cum
1685 2296 1848 2368 omnibus
1865 2296 2006 2385 castris,

601 2415 800 2488 hominibus
818 2425 853 2488 et
874 2417 1087 2510 pertinentiis
1106 2418 1179 2489 suis
1197 2419 1388 2505 univimus,
1408 2429 1444 2492 et
1460 2418 1654 2491 creavimus
1676 2419 1758 2491 inde
1788 2417 1953 2490 ducatum
1975 2428 2011 2490 et

600 2540 769 2634 imperiali
792 2541 993 2612 auctoritate
1012 2539 1143 2613 dictum
1161 2542 1456 2634 consanguineum
1479 2550 1633 2614 nostrum
1658 2541 1817 2613 ottonem
1835 2541 1960 2614 ducem
1975 2551 2011 2613 et

599 2663 790 2758 principem
807 2665 970 2737 iacientes
984 2661 1054 2760 (2),
1076 2665 1241 2738 ducatum
1256 2665 1370 2760 ipsum
1384 2665 1420 2736 in
1434 2664 1574 2738 feodum
1583 2663 1717 2760 imperii
1728 2664 1761 2735 ei
1777 2667 2010 2738 concessimus

600 2787 647 2860 ad
661 2787 808 2862 heredes
816 2809 898 2862 suos
909 2787 998 2860 lilios
1007 2797 1041 2860 et
1055 2787 1143 2861 filias
1153 2788 1360 2863 hereditarie
1370 2788 1639 2882 devolvendum,
1653 2799 1778 2862 eleum
1790 2789 2009 2884 solempniter

593 2912 694 3004 juxta
712 2911 996 2985 consuetudinem
1014 2913 1258 2986 investivimus
1270 2934 1332 3008 per
1349 2914 1498 3004 vexilla3
1515 2913 1561 2987 de
1577 2914 1790 2986 affluentiore
1804 2913 2009 3006 gratiacon·

598 3033 759 3108 cedentes
775 3035 889 3110 eidem
913 3035 1066 3110 decimas
1091 3036 1242 3110 Goslarie
1265 3037 1410 3132 imperio
1429 3037 1649 3132 pertinentes.
1676 3037 1830 3109 Ceterum
1856 3037 2009 3108 ministe-

598 3161 698 3232 riales
728 3181 810 3232 suos
843 3159 880 3232 in
915 3161 1155 3234 ministeriales
1190 3161 1325 3256 imperii
1358 3171 1591 3250 assumentes,
1628 3159 1743 3234 eidem
1777 3160 2008 3233 concessimus

598 3281 739 3356 eosdem
752 3283 993 3358 ministeriales
1004 3285 1143 3376 juribus
1160 3286 1229 3357 illis
1241 3286 1291 3358 uti
1310 3286 1438 3380 quibus
1450 3285 1584 3382 imperii
1598 3285 1833 3357 ministeriales
1847 3292 2003 3355 utuntur.

597 3405 654 3479 Ad
675 3407 782 3501 hujus
805 3409 923 3504 itaque
947 3409 1176 3482 concessionis
1200 3409 1401 3483 memoriam
1426 3419 1462 3482 et
1488 3410 1594 3483 robur
1608 3416 1778 3505 perpetuo
1796 3407 2004 3496 valiturum,

598 3551 739 3625 presens
755 3532 978 3627 privilegium
992 3531 1065 3605 lieri
1076 3543 1110 3605 et
1124 3533 1220 3606 bulla
1232 3555 1338 3608 aurea
1353 3533 1489 3630 typario
1505 3542 1619 3607 nostre
1634 3532 1823 3626 majestatie
1842 3531 2007 3628 impressa

595 3655 762 3746 jussimus
774 3657 991 3730 communiri.

645 3779 757 3870 liujus
775 3789 891 3852 autem
907 3780 958 3852 rei
974 3789 1078 3853 testes
1091 3791 1172 3852 sunt
1192 3807 1202 3852 z
1221 3783 1257 3853 S.
1278 3781 1517 3874 llaguntinns,
1537 3779 1581 3851 ΙΙ.
1600 3778 1828 3868 coloniensis,
1859 3776 1900 3848 ΙΙ.
1916 3776 2006 3847 Sclz·

597 3902 799 3996 purgensis,
818 3904 858 3975 T.
879 3904 1098 3977 Treverensis
1114 3915 1149 3976 et
1176 3957 1185 3974 .
1216 3958 1226 3976 .
1255 3957 1265 3975 .
1291 3903 1492 3975 bisuntinus
1513 3901 1758 3996 archiepiscopi
1772 3929 1783 3992 3
1797 3901 1856 3971 W.
1883 3896 2007 3970 blade-

597 4023 781 4117 bnrgensis
797 4027 943 4116 electus,
971 4029 1012 4100 Ε.
1038 4027 1362 4121 Pabembergensis,
1388 4029 1425 4099 S.
1452 4027 1707 4122 Ratisponensis
1723 4022 1910 4120 imperialis
1927 4022 2006 4093 aule

896 4221 1002 4232 -un-
1419 4221 1605 4230 ——.-·-.-
1611 4213 1997 4228 ..nm--

633 4327 670 4401 (l)
689 4327 790 4385 lllludit
800 4328 945 4403 imperator
953 4329 1063 4388 consilio
1075 4329 1147 4402 quod
1159 4329 1222 4388 Otto
1234 4329 1325 4387 Sancti
1337 4328 1439 4387 Nicolai
1451 4328 1606 4399 cardinalis,
1620 4331 1686 4384 tunc
1699 4325 1777 4384 Sedis
1791 4323 1958 4398 spostolicae
1971 4321 2008 4378 le·

597 4429 685 4496 gattis,
699 4441 770 4482 anno
779 4428 849 4484 teas
861 4425 953 4484 Ottonl
967 4427 1000 4484 de
1010 4426 1153 4501 Luneburg
1161 4427 1286 4499 dederat,
1297 4427 1414 4485 suadens
1422 4433 1452 4484 ut
1464 4426 1491 4482 in
1502 4425 1666 4484 Friderioum
1675 4429 1740 4480 tunc
1750 4419 2006 4479 excommunicatum

597 4521 754 4596 insurgeret.
768 4521 808 4580 Gi.
821 4527 887 4580 torn
898 4522 949 4594 ΙΙΙ,
962 4539 992 4597 p.
1003 4526 1065 4581 tlt.

634 4617 669 4692 (2)
690 4637 704 4671 α
714 4617 778 4675 Otto
790 4619 823 4676 dc
833 4619 1014 4692 Luninburch,
1028 4636 1112 4696 nepos
1124 4621 1215 4696 magni
1228 4620 1304 4678 ducis
1313 4619 1443 4692 Heinrici,
1454 4634 1541 4678 novus
1549 4619 1606 4676 dux
1617 4617 1778 4692 etprinoeps
1788 4613 1911 4674 efficitur.
1920 4611 2007 4684 Quem

598 4714 669 4771 diem
681 4716 786 4788 rogavit
799 4715 943 4790 imperator
956 4718 1081 4776 omnibus
1094 4719 1236 4776 annalibus
1248 4717 1381 4788 adscribi,
1392 4733 1426 4775 ec
1442 4716 1514 4790 quod
1535 4721 1599 4774 tunc
1615 4716 1766 4774 ilomauum
1786 4712 1905 4770 suxisset
1917 4710 2003 4783 impe·

597 4811 667 4869 rium
681 4827 780 4869 novum
793 4814 942 4888 principem
954 4817 1078 4886 meando,
1093 4832 1227 4876 consensu
1243 4817 1363 4874 omnium
1379 4815 1530 4890 principum
1544 4811 1695 4872 accedente.
1707 4810 1769 4869 Fuit
1781 4816 1872 4868 eutem
1884 4808 1943 4866 dies
1960 4805 2007 4863 illa

597 4905 687 4981 vigilia
697 4906 828 4966 Timothei
840 4910 882 4983 (tl
899 4911 1028 4986 augruti).
1043 4933 1057 4966 r
1070 4913 1195 4972 Gonsrn.
1208 4913 1314 4971 Cocorr.
1327 4928 1373 4987 up.
1385 4912 1539 4985 bom,
1550 4911 1657 4983 Fontes,
1672 4913 1693 4966 t.
1706 4907 1745 4980 ll,
1757 4924 1786 4982 p.
1799 4907 1862 4964 ³67.
