4859 6359
609 780 669 843 ese
1111 779 1322 842 rurnnurcr
1347 779 1521 842 sncuunr
1827 779 1907 864 [nn
1925 780 2012 844 rese

693 913 705 996 (
710 916 816 978 laedit.
830 932 867 976 ex
882 916 967 992 copia
983 921 1017 976 ut
1029 915 1138 978 dlcltur
1148 911 1289 976 vidimata
1301 914 1340 976 (le
1352 931 1455 976 mense
1469 912 1624 976 normbrl
1639 921 1739 990 itte,
1757 916 1790 974 ln
1802 915 1925 976 areblvo
1936 916 2016 976 vu-

731 1021 853 1095 debon,
863 1038 954 1100 quam
967 1021 1052 1082 nonu
1069 1038 1185 1084 summa
1198 1021 1371 1082 liberalitate
1382 1021 1547 1082 transmisit
1560 1021 1607 1080 vlr
1619 1023 1753 1099 egregium
1766 1020 1797 1082 J.
1811 1021 1860 1082 Fr.
1876 1021 2018 1082 Boebmo-

732 1145 793 1189 rus.
806 1161 847 1172 -
859 1127 1013 1188 Memorat.
1031 1133 1132 1189 tamen
1145 1133 1176 1188 et
1189 1133 1313 1188 suaset.
1328 1144 1367 1186 ex
1384 1127 1485 1188 codice
1500 1127 1670 1206 Wanglano
1683 1142 1734 1204 ap.
1747 1129 1853 1188 Fontes
1865 1143 1924 1190 rer.
1938 1125 2017 1188 Aus-

733 1235 831 1308 rrtac,
844 1232 1024 1314 oparata,
1039 1241 1060 1296 t
1075 1235 1114 1314 v,
1129 1251 1159 1312 p.
1176 1242 1252 1307 aae;
1268 1234 1371 1311 wien,
1388 1230 1490 1312 issa.)

661 1419 865 1510 Fridoricus,
883 1419 946 1492 Dei
962 1420 1078 1512 gaola
1092 1420 1321 1494 Romanorum
1338 1422 1522 1514 imperator
1536 1439 1674 1514 semper
1682 1425 1864 1512 augustus,
1881 1419 2016 1492 Jerusa-

610 1546 678 1618 lem
694 1554 729 1616 et
746 1543 861 1616 Sicilie
875 1563 951 1614 rex.
969 1543 1033 1614 Per
1048 1563 1188 1638 presens
1204 1543 1371 1638 scriptum
1387 1551 1507 1616 notum
1524 1542 1670 1616 tammus
1689 1541 1862 1614 universis
1881 1541 2015 1636 imperii

614 1667 777 1743 fidelibus
802 1677 871 1738 tam
895 1667 1115 1762 presentibus
1138 1688 1243 1760 quam
1265 1668 1390 1740 tuturis
1415 1665 1512 1760 qnod
1534 1666 1676 1738 culmini
1698 1675 1816 1738 nostro
1838 1664 2016 1738 bominum

611 1793 656 1867 de
676 1793 919 1887 Supramonte,
947 1789 1103 1863 fidelium
1122 1801 1336 1880 nostrorum,
1358 1791 1508 1863 enormis
1532 1797 1688 1884 panocla
1702 1787 2010 1883 iuitqnerimonia,

609 1935 714 2010 super
739 1914 805 1986 boc
823 1913 983 1986 videlicet
1005 1915 1101 2008 quod
1120 1935 1182 2009 por
1195 1914 1359 1987 dilectum
1374 1913 1565 2009 principem
1583 1921 1739 1986 nosuum
1756 1911 1936 1986 dominum
1949 1910 2014 1984 Al-

610 2039 781 2134 drigetum
800 2037 1037 2110 Tridentiuum
1057 2040 1260 2134 episcopum
1279 2049 1315 2112 et
1331 2059 1414 2111 suos
1438 2039 1688 2133 gastaldiones,
1716 2033 1871 2132 aliosque
1886 2059 2014 2132 quam-

610 2165 728 2260 plures
738 2163 774 2234 in
787 2161 908 2235 eodem
915 2162 1126 2258 episcopatu,
1140 2162 1285 2258 predicti
1292 2161 1460 2250 homines,
1474 2160 1708 2236 fidelesnostri
1718 2160 1764 2235 de
1773 2163 2009 2254 Supramonte,

607 2286 846 2360 exactionibus
861 2285 1023 2358 indebitis
1039 2294 1075 2358 et
1088 2286 1350 2380 gravaminibus
1364 2285 1626 2380 quamplurimis
1641 2284 1877 2358 indifferenter
1890 2285 2014 2357 moles·

606 2421 775 2500 larentur,
804 2409 917 2501 [dum]
937 2418 1054 2481 contra
1066 2409 1125 2500 jus
1145 2407 1241 2505 quod
1260 2409 1392 2482 οἰεάοω
1411 2409 1611 2482 bominibus
1630 2409 1676 2482 ab
1695 2409 1840 2503 imperio
1857 2409 2011 2482 Romano

605 2543 759 2627 tempore
776 2531 1001 2624 delegationis
1015 2553 1136 2604 eornm
1153 2532 1282 2626 pn'mo,
1307 2533 1374 2604 sub
1397 2542 1491 2605 certo
1512 2543 1549 2606 et
1565 2542 1692 2606 statuto
1713 2531 1793 2606 licto
1806 2531 1850 2626 (i)
1862 2531 2010 2606 redden·

606 2655 691 2728 dum
704 2665 739 2728 et
754 2653 960 2728 solvendum
975 2655 1224 2728 rationabiliter
1236 2664 1289 2726 est
1305 2654 1517 2746 injunctum,
1542 2655 1702 2728 collectas
1718 2655 1958 2751 imposuerint,
1977 2666 2013 2726 et

604 2801 667 2876 pro
686 2778 786 2852 dictis
798 2779 950 2851 collectis
965 2779 1040 2850 sine
1053 2779 1260 2852 discretione
1273 2778 1415 2852 mobilia
1435 2787 1471 2850 et
1486 2775 1696 2868 immobilia,
1722 2799 1793 2872 qne
1807 2776 1936 2850 babere
1950 2798 2011 2872 po-

605 2913 730 2990 lerant,
757 2904 968 2992 auferentes,
988 2903 1082 2998 ipsos
1100 2923 1242 2996 quoquc
1255 2901 1292 2973 iu
1302 2901 1499 2975 carceribus
1508 2901 1730 2998 quamplures
1748 2899 2007 2989 mortificando,

603 3027 702 3100 malis
728 3027 1039 3100 innumerabilibus
1066 3027 1194 3122 pluries
1214 3026 1432 3100 offenderint.
1455 3025 1556 3100 Unde
1584 3047 1653 3100 non
1682 3024 1857 3097 modicum
1881 3023 2011 3096 luimus

604 3151 743 3223 turbati.
760 3152 853 3223 Licet
870 3151 962 3222 enim
981 3151 1140 3224 homines
1154 3151 1342 3245 supradicti
1359 3150 1512 3246 quodam
1527 3158 1665 3223 certoet
1681 3157 1809 3221 statuto
1821 3167 2010 3220 censueer·

604 3274 679 3347 vire
697 3274 999 3348 debeantecclesie
1012 3273 1230 3365 Tridentino,
1250 3287 1365 3348 nostro
1379 3285 1495 3347 tamen
1504 3275 1650 3347 attinent
1658 3272 1800 3344 culmini
1810 3282 1845 3344 et
1858 3272 2010 3344 Romano

603 3398 764 3493 imperio,
793 3407 969 3470 eteorum
995 3397 1144 3471 rationes
1172 3399 1209 3470 in
1234 3409 1352 3472 nostro
1373 3397 1592 3472 decrevimus
1618 3407 1783 3470 annotare
1806 3395 2006 3492 privilegio,

603 3520 776 3593 universis
794 3519 1010 3593 notificantes
1033 3520 1128 3614 quod
1153 3521 1242 3594 ultra
1267 3521 1407 3594 easdem
1431 3521 1581 3594 rationes
1596 3519 1728 3593 servire
1741 3530 2007 3592 nontenentur:

602 3643 765 3717 videlicet
779 3653 927 3738 quatuor
941 3643 1078 3717 stariola
1092 3645 1276 3737 frumenti,
1302 3655 1453 3740 quatuor
1474 3643 1615 3716 stariola
1629 3643 1776 3735 siliginis
1792 3652 1828 3714 et
1848 3651 1926 3716 octo
1940 3651 2008 3714 sta·

602 3767 686 3839 riola
707 3767 821 3861 surgi,
843 3777 877 3839 et
895 3775 973 3840 octo
993 3766 1123 3841 solidus
1142 3767 1361 3842 denariorum
1379 3767 1629 3841 veronensium
1648 3787 1712 3862 pro
1727 3788 1797 3838 una
1815 3765 1946 3856 bestia,
1974 3776 2009 3839 et

601 3900 749 3984 quatuor
765 3890 893 3964 solidos
904 3913 967 3986 pro
985 3913 1055 3963 uno
1068 3912 1187 3983 casce,
1203 3901 1239 3964 et
1251 3914 1356 3964 unam
1370 3913 1493 3964 urnam
1505 3891 1596 3979 vini,
1612 3899 1647 3962 et
1658 3912 1767 3962 unum
1780 3891 1909 3962 lassum
1921 3890 2004 3981 leni,

601 4023 636 4084 et
649 4033 752 4082 unam
773 4013 935 4104 galinam.
962 4015 1029 4085 lste
1044 4013 1193 4086 rationes
1210 4015 1355 4088 rimanie
1372 4014 1548 4088 dicuntur.
1571 4011 1665 4098 Quas
1683 4011 1833 4084 rationes
1851 4009 2008 4083 bomines

602 4133 647 4208 de
667 4135 749 4208 villa
764 4137 874 4210 Oveni
891 4147 925 4209 et
942 4135 986 4210 de
999 4135 1084 4209 villa
1102 4137 1238 4210 Cadene
1253 4137 1346 4211 etde
1363 4138 1447 4210 villa
1460 4136 1574 4231 Vigoli
1596 4145 1632 4209 et
1646 4135 1692 4210 de
1710 4135 1792 4206 villa
1810 4134 1956 4226 Baselge
1971 4141 2007 4206 et

600 4258 645 4331 de
662 4259 746 4332 villa
759 4259 936 4354 Sardagne
954 4261 1087 4332 solvere
1105 4260 1234 4334 debent
1251 4263 1410 4357 episcopo
1425 4259 1641 4350 Tridentino,
1668 4259 1725 4331 vel
1750 4257 1807 4330 cui
1828 4255 1922 4330 idem
1939 4255 2007 4329 do·

601 4383 716 4455 minus
733 4383 914 4479 episcopus
932 4381 1016 4456 dare
1030 4383 1240 4479 disponeret.
1257 4385 1327 4457 Nos
1347 4395 1463 4458 autem
1484 4383 1686 4478 gravamina
1704 4403 1826 4454 eorum
1847 4381 2006 4456 conside·

602 4515 717 4578 rantes
736 4516 902 4580 eteorum
918 4507 1227 4602 supplicationibus
1244 4508 1428 4601 benignius
1444 4505 1617 4598 inclinati,
1637 4504 1907 4580 deliberavimus
1922 4523 2007 4574 oon·

601 4629 678 4702 silio
691 4629 887 4726 principum
903 4640 1097 4704 nostrorum
1109 4629 1265 4704 fidelium
1284 4633 1345 4726 qui
1363 4633 1607 4721 interfuerunt,
1626 4627 1725 4724 quod
1735 4625 1876 4700 eosdem
1887 4624 2008 4699 fideles

602 4753 735 4826 nostros
750 4751 795 4825 do
813 4753 1042 4848 Supramonte
1055 4765 1090 4828 et
1106 4756 1224 4827 omnia
1237 4777 1356 4828 εοτυω
1369 4775 1439 4849 que
1450 4753 1630 4850 possident
1646 4752 1683 4822 in
1694 4759 1810 4823 nostre
1821 4748 2007 4841 maiestatis

600 4875 783 4971 recipimus
801 4875 1055 4968 defensionem,
1081 4887 1116 4950 et
1143 4899 1248 4974 super
1277 4878 1343 4952 boc
1368 4878 1497 4951 litteras
1519 4883 1637 4950 nostre
1654 4872 1869 4948 celsitudinis
1892 4869 2005 4966 sigillo
