4859 6359
1118 704 1293 770 nesarci
1314 703 1486 767 seratur
1529 733 1533 746 ·
1820 700 1901 783 [nra
1919 702 2005 765 isse

716 874 762 929 nt
783 869 841 928 nisi
861 868 1015 929 renouatio
1036 868 1126 927 unlus
1147 865 1293 943 privilegii
1313 863 1456 924 amarer
1475 863 1556 941 ragis
1578 862 1618 923 dc
1639 868 1816 923 annotatt
1832 859 1918 939 (vid.
1933 867 1961 923 t.
1979 863 2008 937 1,

717 990 747 1051 p.
765 978 841 1049 aaa)
856 979 886 1035 et
901 973 1022 1038 sinnas
1036 975 1129 1051 ipsius
1141 972 1261 1033 llcnrlcl
1272 972 1404 1033 deamo
1417 977 1497 1032 tm
1511 966 1629 1047 (rade.
1643 967 1688 1041 11,
1701 984 1735 1045 p.
1750 972 1836 1047 att),
1849 968 1888 1029 de
1900 968 2010 1046 quibus

717 1080 800 1143 nulla
819 1081 950 1159 legitima
968 1080 1095 1157 suspicio
1115 1080 1185 1139 oriri
1206 1082 1316 1155 potest.
1330 1076 1497 1151 Quaerere
1518 1074 1809 1149 ibidemadduntur,
1824 1075 2010 1152 neqaesoll-

717 1192 780 1247 tam
798 1187 973 1247 reductionis
986 1186 1112 1245 formam
1125 1200 1224 1261 neque
1232 1186 1309 1262 juria
1322 1184 1395 1262 regii
1407 1181 1482 1243 lines
1495 1181 1653 1247 excedam.
1668 1180 1747 1243 lusti
1759 1186 1910 1259 paeterea
1920 1186 2009 1242 testes

719 1292 908 1367 adhibentur,
923 1309 998 1369 quos
1011 1290 1221 1363 falsarium,sl
1240 1289 1374 1350 fraudem
1395 1289 1563 1361 admiseris,
1579 1289 1664 1367 quasi
1685 1288 1829 1348 divinitus
1853 1286 2009 1365 indigitare

718 1402 905 1475 oportuisset.
920 1398 1024 1471 Unde,
1040 1398 1110 1457 llcet
1122 1400 1154 1456 in
1167 1400 1246 1457 notis
1263 1396 1476 1474 chronologicis
1489 1394 1631 1472 quiddam
1646 1392 1729 1454 dubtl
1746 1395 1890 1473 supersit,
1910 1395 2010 1471 prlrl-

716 1501 825 1581 leglum
839 1504 916 1565 inter
930 1504 1029 1580 spuria
1043 1504 1246 1582 reponendum
1259 1520 1394 1565 menon
1410 1488 1587 1579 censemus.)
1673 1490 1680 1499 ’
1718 1490 1723 1499 ’

643 1716 845 1808 Heinricus,
866 1718 939 1790 divi
958 1718 1096 1811 angusti
1113 1717 1329 1813 imperatoris
1348 1716 1458 1803 lilius,
1478 1716 1541 1787 Dei
1555 1715 1670 1808 ⁴graciis
1693 1716 1925 1787 Romanorum
1947 1734 2012 1786 rex

599 1849 634 1911 et
658 1861 793 1936 semper
817 1850 998 1935 augustas.
1028 1843 1120 1915 Licet
1145 1842 1192 1915 ad
1218 1862 1338 1914 omnes
1360 1837 1522 1913 ecclesias
1543 1839 1735 1912 screnitatis
1757 1846 1873 1911 nostre
1900 1837 2011 1911 aciem

597 1964 787 2039 extendere
806 1974 996 2053 teneamur,
1021 1986 1138 2039 earnm
1164 1976 1280 2038 amen
1307 1965 1386 2060 paci
1410 1974 1445 2036 et
1469 1963 1708 2057 tranquillitati
1727 1962 1932 2057 propensius
1949 1959 2010 2033 de·

599 2086 723 2159 henim
758 2088 936 2161 intendere
964 2091 1000 2160 in
1029 2090 1158 2183 quihus
1190 2089 1410 2162 laudabiliter
1435 2096 1553 2160 sancte
1582 2086 1788 2160 observatur
1812 2084 1900 2158 erdo
1926 2084 2012 2157 reli·

599 2210 731 2305 gionis,
752 2213 923 2307 nobisque
939 2222 974 2285 et
991 2213 1136 2308 imperio
1160 2213 1263 2284 unica
1286 2222 1321 2285 et
1346 2213 1487 2308 speciali
1511 2210 1670 2285 inherere
1689 2218 1873 2283 censentur
1895 2208 2011 2281 dilec-

599 2334 704 2407 tione.
737 2336 812 2421 Qua
845 2344 983 2432 propter
1004 2337 1052 2411 ad
1081 2338 1322 2409 universorum
1356 2337 1492 2432 imperii
1522 2334 1680 2408 fidelium
1711 2334 1882 2429 presentis
1911 2332 2012 2405 etatis

599 2468 634 2532 et
667 2481 866 2533 successura
907 2463 1112 2556 posteritatis
1140 2462 1303 2535 noticiam
1338 2460 1505 2535 duximus
1543 2458 1786 2555 perferendum
1816 2455 1913 2551 quod
1948 2477 2012 2529 nos

598 2584 842 2655 monasterium
886 2584 922 2655 in
963 2586 1182 2679 Wincgarten
1215 2587 1262 2658 ab
1297 2584 1572 2658 antecessoribus
1601 2582 1726 2655 nostris
1762 2581 1856 2655 divis
1889 2580 2012 2652 Roma·

599 2728 724 2779 norum
754 2709 1039 2803 imperatoribus,
1071 2710 1212 2803 regibus
1245 2720 1280 2783 ct
1314 2710 1530 2805 principibus
1565 2716 1823 2797 constructum,
1851 2704 1948 2799 qnod
1978 2714 2014 2777 ct

599 2831 700 2905 nohis
724 2830 916 2926 specialiter
938 2833 1131 2905 dinoscitur
1155 2834 1348 2929 pertinere,
1373 2833 1492 2906 divine
1512 2831 1801 2905 remunerationis
1826 2829 1955 2902 intuitu
1979 2838 2014 2901 ct

599 2974 824 3050 personarum
861 2956 991 3030 ibidem
1021 2958 1169 3030 Domino
1197 2958 1458 3047 famulantium,
1497 2956 1565 3029 sub
1593 2954 1795 3029 omnimoda
1821 2954 2013 3027 screnitatis

599 3088 715 3152 nostra
742 3079 952 3175 suscipimus
971 3080 1122 3155 tuicione
1143 3103 1223 3153 cum
1240 3082 1403 3154 omnihus
1424 3079 1636 3175 pertinentiis
1654 3078 1741 3150 suis.
1766 3075 2014 3150 conmmantcs

602 3202 653 3273 eis
666 3202 782 3275 omnia
795 3204 875 3295 jura
892 3212 926 3275 et
950 3204 1216 3277 consuetudines
1239 3226 1280 3279 ac
1305 3205 1485 3278 universas
1502 3202 1734 3299 possessiones
1751 3220 1962 3295 quecunque
1976 3199 2014 3269 in

601 3326 851 3422 presentiarum
861 3325 1062 3420 possident,
1078 3337 1139 3399 aut
1157 3330 1193 3399 in
1210 3330 1364 3400 laturum
1373 3328 1519 3403 Domino
1531 3325 1741 3399 concedente
1745 3327 1839 3418 justo
1846 3326 2013 3419 titulope·

465 3442 469 3450 ’
601 3456 717 3521 terunt
732 3448 890 3543 adipisci.
906 3448 962 3521 Ad
972 3426 1151 3522 heoetiam
1165 3450 1248 3543 quia
1263 3450 1490 3547 prenominati
1504 3450 1703 3523 monasterii
1716 3458 1752 3520 ct
1766 3448 1840 3519 suis
1852 3446 2015 3519 iratribus

602 3566 675 3668 (εἰσ)
694 3570 788 3667 regia
803 3560 1014 3667 benignitate
1031 3565 1145 3647 ncs'tra
1161 3574 1329 3647 duximus
1341 3571 1582 3671 indempnitati
1597 3560 2010 3669 utilitcr²proridendnm,

603 3698 821 3771 decernimus
839 3696 873 3770 et
890 3690 1181 3771 concedimns‘eis
1196 3684 1462 3772 ut'hom'ines'ct
1481 3688 1574 3773 bona
1590 3680 1714 3771 'eorum
1732 3694 1933 3796 ubicunque
1948 3694 2016 3765 sita

602 3820 639 3891 in
655 3804 770 3893 nostra
788 3842 922 3915 semper
945 3830 1112 3918 potestate
1130 3824 1205 3895 sine
1224 3822 1341 3920 aliqua
1354 3820 1539 3897 donatioire
1553 3816 1620 3896 scu
1633 3821 1853 3895 concessione
1875 3837 2016 3915 perma-

603 3952 727 4036 neant,
744 3952 778 4015 et
792 3944 839 4017 ad
852 3947 984 4016 nullum
999 3948 1065 4019 nisi
1082 3947 1129 4019 ad
1141 3969 1204 4021 nos
1220 3957 1423 4043 nostrosque
1431 3948 1576 4021 heredes
1589 3956 1624 4019 et
1636 3922 1853 4019 successores
1866 3942 2016 4015 debcant

603 4068 732 4141 habere
755 4077 973 4173 respectum
1004 4070 1052 4144 ita
1078 4065 1181 4143 eliam
1205 4082 1245 4144 nt
1266 4062 1296 4144 s'i
1326 4072 1516 4167 aliqnando
1537 4072 1668 4167 prelata
1685 4054 1802 4141 nostre
1820 4064 2016 4139 donationis

605 4193 812 4265 inmemores
829 4194 1115 4293 concessione[m]
1135 4194 1316 4294 aliqnalm]
1338 4195 1382 4269 dc
1403 4195 1593 4293 supradicti
1612 4190 1809 4267 monasterii
1827 4188 2014 4286 posscssio-

606 4316 710 4389 nibus
727 4318 783 4390 vel
798 4316 843 4391 de
855 4318 1054 4392 hominihus
1071 4342 1133 4393 nos
1151 4322 1263 4394 lacere
1276 4322 1469 4415 contingat,
1493 4320 1569 4391 sinc
1583 4318 1679 4391 omni
1696 4318 1731 4387 in
1747 4316 1882 4386 irritum
1897 4312 2016 4385 dedn-

606 4448 704 4514 catur
726 4440 1008 4515 contradictione.
1039 4446 1183 4543 Insuper
1208 4444 1450 4520 confirmamus
1471 4444 1538 4541 ipsi
1560 4440 1704 4516 ecclesie
1725 4449 1765 4512 ut
1786 4440 1823 4511 in
1837 4440 1916 4531 J'ure
1932 4457 2015 4509 cen·

609 4548 766 4637 sualiuni¹
780 4564 854 4638 sine
877 4568 1133 4642 morticinorum
1156 4568 1253 4663 quod
1277 4571 1463 4665 vulgariter
1485 4570 1612 4644 dicitur
1637 4567 1715 4659 val,
1742 4563 1773 4637 si
1796 4564 1872 4637 sine
1889 4558 2017 4635 herede

607 4688 733 4783 aliquis
748 4673 851 4762 homo
873 4690 984 4788 ipsius
1007 4696 1150 4767 eeclesia
1176 4694 1361 4767 defunctus
1385 4696 1503 4784 luerit,
1523 4692 1639 4765 omnia
1660 4712 1729 4784 que
1746 4686 1923 4781 reliquerit
1942 4685 2018 4756 sive

607 4813 643 4887 in
657 4813 926 4887 mobilibussive
946 4817 981 4887 in
998 4818 1221 4893 inmobilibus
1234 4821 1312 4893 usui
1329 4820 1438 4915 ipsios
1455 4818 1600 4892 ecclesia
1616 4815 1757 4906 cedant;
1775 4806 2017 4885 uveverode-
