4859 6359
461 743 563 807 lmen.
578 740 624 819 9.]
909 736 1111 801 HISTORIA
1128 737 1423 801 Dll’lrllllll'l'llld.
1808 736 1869 801 833

464 873 612 951 fideliter
627 874 795 947 hactenus
818 871 1044 964 adheserunt,
1072 874 1261 947 recolentes
1286 872 1509 947 nihilominus
1525 871 1620 967 quod
1642 892 1705 967 pro
1721 872 1870 945 servitiis

464 1013 620 1095 temporo
639 996 832 1071 necessario
853 996 954 1069 nobis
979 1005 1014 1069 et
1040 996 1185 1093 imperio
1207 996 1355 1092 prestitis
1378 996 1463 1094 ipsis
1492 1006 1669 1070 teneamur
1691 994 1739 1069 ad
1763 994 1869 1090 digno

465 1125 597 1222 promia
621 1118 844 1217 respondere,
866 1130 905 1193 ut
927 1142 1049 1195 eorum
1066 1120 1205 1195 devotio
1221 1130 1256 1193 et
1273 1122 1385 1195 virtus
1411 1119 1551 1195 mndata
1577 1142 1751 1211 crescens,
1779 1141 1871 1212 gau-

465 1249 554 1326 deus
571 1248 610 1319 in
634 1245 777 1342 posteris
801 1254 837 1318 et
857 1243 1012 1337 iocunda
1032 1253 1166 1317 nosnos
1189 1245 1293 1318 etiam
1315 1254 1463 1319 nauseat
1487 1244 1534 1319 ad
1552 1243 1714 1335 heredes,
1736 1242 1871 1317 devotis

465 1392 585 1446 eorum
604 1368 914 1465 supplicationibus
931 1368 1164 1441 favorabiliter
1178 1379 1391 1461 annuentes,
1417 1370 1462 1443 de
1479 1368 1694 1465 plenitudiue
1719 1368 1871 1463 impera-

466 1495 553 1569 torie
585 1492 762 1587 dignitatis
792 1513 933 1589 presens
959 1492 1181 1589 privilegium
1204 1494 1371 1565 innovare
1400 1493 1566 1565 duximus
1596 1502 1631 1565 et
1654 1491 1868 1565 confirmare.

464 1618 556 1691 Nulli
580 1638 665 1712 ergo
687 1616 828 1689 omnino
843 1616 1023 1688 hominnm
1042 1617 1143 1687 licoat
1160 1616 1250 1687 hanc
1267 1626 1417 1687 nostram
1436 1616 1668 1688 renovationis
1682 1625 1718 1691 et
1739 1615 1872 1689 conlir-

465 1741 626 1816 mationis
639 1749 756 1813 nostre
773 1740 936 1833 paginam
953 1740 1140 1832 infringere
1153 1741 1211 1811 vol
1227 1740 1259 1811 ei
1277 1760 1366 1811 cusu
1381 1740 1560 1813 temerario
1576 1740 1756 1813 contraire.
1771 1739 1872 1824 Quod

465 1865 526 1960 qni
554 1864 802 1959 presumpserit
826 1862 1100 1957 indignationem
1124 1863 1250 1935 summi
1266 1860 1394 1954 judicis
1419 1872 1640 1956 nostramque
1666 1864 1751 1936 irem
1776 1864 1873 1935 inse

465 1990 589 2063 sentiet
605 1988 806 2061 incurrisse.

513 2114 588 2207 Ego
605 2111 753 2185 Silridus
770 2112 1028 2207 llatisponensis
1043 2112 1188 2185 ecclesie
1209 2112 1410 2206 episcopus,
1430 2111 1618 2205 imperialis
1636 2112 1715 2183 aule
1732 2110 1882 2183 cancel·

465 2237 589 2325 larius,
611 2235 840 2309 vicedomini
864 2235 984 2309 Silridi
998 2234 1200 2329 Maguntine
1213 2234 1308 2309 sedis
1326 2234 1574 2331 archiepiscopi
1591 2244 1626 2307 et
1643 2234 1680 2305 in
1694 2234 1874 2309 Germania

466 2360 773 2452 archicancellarii,
790 2359 989 2454 recognovi.

513 2486 630 2557 Testes
649 2484 755 2578 hujus
778 2484 827 2557 rei
853 2493 935 2556 sunt
954 2511 963 2555 ι
984 2482 1200 2557 venerabiles
1215 2460 1364 2555 Silridus
1386 2482 1622 2575 Mogentiana,
1643 2480 1873 2555 Theodericus

465 2609 677 2683 llcvirensis
692 2607 961 2703 archiepiscopi,
980 2608 1058 2681 Otto
1080 2606 1157 2681 dux
1172 2606 1218 2679 dc
1233 2606 1448 2694 Bruneewic,
1469 2606 1547 2677 ouo
1571 2627 1685 2677 comes
1702 2606 1874 2699 palatinus

465 2732 575 2807 llheni
590 2741 627 2805 et
641 2730 718 2807 dux
728 2731 900 2821 Bawaric,
916 2730 1084 2803 Henricus
1098 2729 1314 2823 lantgravius
1328 2728 1527 2821 Thuringie,
1543 2730 1647 2801 lrater
1659 2730 1875 2810 Hermannus

465 2856 627 2954 magister
642 2854 949 2945 Theutonicorum,
968 2853 1183 2957 llermennus
1200 2852 1354 2925 marchio
1372 2851 1416 2925 da
1437 2850 1569 2943 Baden,
1589 2851 1767 2926 Conradus
1788 2853 1875 2927 bur-

466 2980 609 3074 gravius
630 2978 676 3055 de
697 2978 926 3083 lloremberc,
951 2995 1067 3051 comes
1093 2975 1288 3051 Fridcricus
1312 2974 1357 3048 de
1386 2976 1498 3065 chre,
1526 2974 1733 3049 Godeiridus
1759 2996 1873 3049 comes

468 3098 513 3177 de
529 3098 786 3201 Ziegen[hain],
806 3098 1003 3175 Gotelridus
1026 3109 1061 3172 et
1079 3098 1258 3173 Conradus
1271 3099 1316 3171 de
1333 3098 1488 3172 Hchenlo
1505 3100 1646 3171 comites
1659 3098 1871 3193 Romaniole,
1901 3160 1904 3167 .

465 3225 686 3301 Ebmhardus
699 3236 733 3299 et
746 3226 825 3299 Otto
838 3226 960 3297 iratres
975 3222 1020 3297 de
1031 3222 1223 3314 Eberstein,
1235 3220 1446 3295 Wernherus
1462 3220 1597 3325 dapifer
1610 3222 1655 3297 de
1668 3222 1871 3315 Bonlandia,

466 3350 646 3423 Heinricus
662 3349 709 3422 de
726 3346 962 3444 Bappenheim
981 3346 1167 3442 imperialis
1185 3345 1265 3418 aule
1285 3346 1507 3436 marscalcus,
1523 3345 1700 3441 Philippus
1718 3346 1763 3418 de
1783 3348 1873 3419 Bon-

465 3471 597 3564 landie,
617 3472 795 3567 Philippus
812 3472 858 3544 de
871 3471 1079 3559 Hchenvels,
1098 3469 1210 3543 etalii
1228 3470 1461 3565 quamplures.

515 3595 660 3689 Signum
682 3593 813 3667 domini
837 3594 944 3667 nostri
968 3593 1133 3665 Friderici
1159 3591 1322 3680 secundi,
1347 3593 1410 3663 Dei
1434 3592 1543 3685 gratia
1563 3592 1776 3665 invictissimi
1804 3596 1875 3665 llo-

467 3738 648 3790 manorum
665 3716 879 3813 imperatoris
896 3738 1033 3812 semper
1048 3716 1204 3811 augusti,
1226 3716 1412 3788 Jerusalem
1431 3726 1466 3789 ct
1485 3715 1599 3787 Sicilie
1614 3716 1719 3810 regis.

516 3839 604 3913 Acta
640 3851 722 3914 sunt
754 3841 820 3914 hec
848 3862 941 3914 anno
975 3839 1148 3913 dominice
1172 3839 1414 3912 incarnationis
1437 3841 1483 3913 M.
1493 3838 1560 3911 CC.
1572 3839 1733 3926 XXXVI,
1758 3862 1876 3913 mense

467 3964 567 4056 maii,
587 3986 678 4037 none
700 3963 915 4053 indictionis,
939 3963 1131 4058 imperante
1152 3962 1293 4035 domino
1319 3972 1434 4037 nostro
1460 3964 1649 4055 Friderico,
1680 3964 1742 4037 Dei
1767 3965 1876 4058 gratia

467 4089 698 4162 Romanorum
722 4088 928 4185 imperatore
945 4108 1080 4181 semper
1105 4096 1268 4183 augusto,
1289 4088 1474 4161 Jerusalem
1498 4098 1534 4159 et
1556 4088 1669 4160 Sicilie
1686 4109 1784 4181 rege,
1805 4090 1876 4161 llo·

469 4212 562 4284 mani
589 4210 724 4307 imperii
751 4212 826 4304 ejus
852 4231 944 4284 anno
968 4210 1350 4309 xvll(a),terusa1em
1376 4212 1438 4301 XI,
1465 4212 1562 4304 regni
1587 4232 1670 4283 vero
1689 4212 1764 4303 ejus
1787 4212 1875 4281 Sici-

468 4334 515 4409 lie
531 4332 690 4409 xxxvn
707 4332 767 4429 (l),
782 4334 945 4407 leliciter.
966 4334 1091 4407 Amen.
1391 4324 1394 4332 ’
1879 4416 1881 4419 ,

518 4452 687 4555 [Datum]
704 4458 799 4554 apud
814 4458 1039 4555 Herbipolim,
1054 4480 1159 4551 anno,
1180 4480 1310 4551 mense,
1328 4458 1513 4532 indictione
1529 4456 1735 4553 prescriptis.
1777 4560 1781 4567 Ι

509 4631 777 4714 (eneconem
790 4634 872 4696 rvr.
1609 4590 1626 4614 ‘'

511 4736 553 4820 (l)
573 4738 665 4803 ltccts
676 4744 776 4804 autom
788 4738 954 4807 alatur.
