4859 6359
595 797 655 861 886
1092 790 1305 855 rutuufflcl
1330 788 1502 851 sucuro!
1813 790 1892 875 [An.
1911 794 1996 859 12⁰5.

595 934 700 1005 nibus
715 952 786 1025 que
803 928 1021 1003 continentur
1041 927 1079 999 iu
1097 927 1186 1023 ipso,
1209 922 1412 999 confirmare
1430 920 1477 998 de
1500 931 1615 997 nostra
1635 924 1745 1017 gratia
1763 923 1996 1019 dignaremur.

598 1056 704 1147 Cuius
717 1062 815 1127 tenor
835 1049 1217 1147 estpsromniatalis:
1694 1054 1697 1059 ’

647 1176 826 1277 [Sequitur
844 1176 890 1251 dc
912 1176 1021 1249 verbo
1043 1173 1257 1249 adverbum
1280 1170 1498 1269 privilegium
1520 1168 1641 1244 datum
1664 1170 1759 1267 apud
1782 1172 1999 1268 Ratisponam

602 1305 648 1375 l5
663 1300 824 1375 februarii
840 1322 922 1373 aun.
940 1300 1048 1392 1213,
1070 1298 1166 1395 quod
1179 1298 1329 1395 desuper
1346 1295 1586 1387 exhibuimus,
1602 1303 1628 1367 t.
1645 1296 1672 1386 l,
1689 1318 1724 1391 p.
1746 1292 1849 1395 218]

646 1428 716 1499 Nos
739 1425 845 1520 igitur
861 1424 934 1497 suis
951 1422 1262 1520 supplicationibus
1279 1422 1449 1515 inclinati,
1474 1418 1695 1515 priuilegium
1716 1420 1831 1517 ipsum
1856 1422 2004 1517 presenti

599 1549 780 1648 priuilegio
804 1548 908 1621 inseri
930 1548 1115 1640 jussimus,
1136 1546 1225 1620 illud
1243 1568 1323 1619 cum
1344 1544 1596 1639 omnibusque
1612 1546 1829 1619 eontinentur
1845 1546 1882 1617 in
1898 1566 1940 1619 eo
1960 1545 2005 1619 de

600 1684 716 1748 nostra
748 1673 857 1767 gratia
891 1670 1144 1745 confirmantes.
1185 1670 1376 1742 Statuimus
1413 1668 1531 1763 itaque
1559 1676 1594 1740 et
1622 1669 1790 1763 imperiali
1819 1668 2005 1742 sauctimus

600 1798 713 1872 edicto
728 1807 768 1869 nt
783 1796 879 1869 nulla
894 1818 1053 1891 persona,
1068 1796 1138 1868 alta
1155 1795 1213 1867 vel
1228 1793 1381 1882 humilis,
1400 1791 1631 1865 ecclesiastica
1644 1792 1699 1865 vel
1714 1792 1897 1885 secularis,
1919 1814 2004 1888 pre-

601 1919 732 1995 dictum
752 1920 998 1993 monasterium
1015 1927 1132 1992 contra
1152 1918 1321 2013 presentis
1340 1915 1512 2014 privilegii
1537 1915 1642 1988 nostri
1666 1916 1789 1991 seriem
1813 1936 1917 2013 super
1939 1916 2006 1989 hiis

601 2055 729 2119 temere
748 2045 930 2117 molestare
946 2050 1131 2137 presumat.
1154 2040 1257 2127 Quod
1276 2040 1338 2135 qui
1359 2038 1603 2137 presumpserit
1624 2048 1736 2135 preter
1755 2061 1878 2134 penam
1897 2040 2005 2135 privi-

601 2170 692 2264 lagio
716 2166 911 2261 supradicto
926 2167 1134 2261 appositam,
1153 2174 1292 2237 centum
1306 2164 1411 2237 libras
1428 2163 1503 2235 auri
1518 2162 1596 2257 puri
1610 2172 1809 2260 componat,
1826 2162 2007 2237 medietate

602 2292 687 2365 fisco
714 2300 850 2381 nostro,
879 2290 1012 2385 reliqua
1035 2288 1129 2363 dicto
1157 2288 1365 2363 monasterio
1392 2286 1632 2385 persolvenda.
1659 2288 1704 2361 Ut
1728 2297 1841 2363 autem
1868 2310 2007 2385 presens

601 2426 717 2490 nostra
733 2412 946 2487 confirmatio
966 2414 1072 2487 robur
1084 2413 1239 2510 optineat
1255 2422 1423 2511 perpetue
1436 2411 1617 2505 firmitatis,
1634 2434 1774 2509 presens
1789 2414 2006 2511 privilegium

602 2540 677 2613 fieri
693 2538 873 2633 jussimus,
890 2548 925 2611 et
942 2538 1055 2633 sigillo
1072 2538 1258 2631 majestatis
1275 2547 1389 2611 nostre
1406 2537 1547 2609 muniri.

649 2663 760 2755 Hujus
782 2663 832 2735 rei
853 2672 954 2735 testes
971 2673 1054 2735 sunt
1069 2692 1077 2735 ε
1094 2665 1154 2735 W.
1183 2684 1248 2735 rex
1266 2662 1419 2752 Boemie‚
1440 2662 1481 2734 E.
1506 2661 1792 2756 Papinbergeusis
1812 2662 2006 2759 episeopus,

602 2791 639 2861 C.
667 2786 934 2859 Constantisusis
958 2784 1025 2881 (t),
1048 2790 1084 2859 S.
1110 2785 1367 2881 Ratisponensis
1393 2784 1594 2879 episcopus,
1617 2784 1803 2879 imperialis
1828 2786 1908 2858 aule
1929 2807 2009 2857 can·

604 2913 777 2999 cellarius,
802 2910 844 2982 0.
869 2910 943 2981 dux
965 2910 1123 2984 Bawarie
1152 2932 1267 2981 comcs
1291 2908 1461 3005 palatinus
1483 2910 1588 3000 lieni,
1615 2910 1656 2980 Ο.
1683 2906 1835 2981 marchio
1859 2908 2011 2981 Brande·

605 3034 803 3130 burgensis,
822 3034 865 3103 Η.
888 3032 1042 3105 marchio
1064 3032 1109 3105 de
1130 3032 1264 3124 Baden,
1284 3052 1399 3105 comes
1423 3034 1464 3106 Η.
1492 3030 1536 3104 da
1549 3031 1727 3125 Diliugcn,
1744 3031 1799 3103 Fr.
1820 3030 1864 3105 de
1882 3033 2011 3105 Truen-

606 3158 747 3252 dingcn,
764 3156 803 3228 C.
820 3157 983 3251 pincerna
997 3156 1041 3229 de
1055 3154 1267 3245 Wintcrstet‚
1283 3166 1317 3227 et
1330 3156 1388 3227 alii
1405 3157 1640 3249 quamplures.

654 3281 799 3373 Signum
832 3278 963 3351 domini
991 3279 1155 3352 Friderici
1180 3278 1343 3369 secundi,
1372 3278 1433 3350 Dei
1461 3278 1568 3371 gratia
1598 3278 1827 3350 Romanorum
1860 3278 2012 3373 impera-

608 3406 690 3477 toris
724 3401 967 3490 invictissimi,
997 3425 1132 3499 semper
1160 3402 1321 3496 augusti,
1347 3402 1534 3475 Jerusalem
1558 3410 1592 3473 et
1615 3402 1729 3473 Sicilie
1752 3402 1856 3495 regis.
1883 3401 2013 3497 (liono-

603 3527 784 3624 promoto.)
2003 3540 2008 3547 '

658 3653 731 3747 Ego
763 3650 920 3724 siffridus
949 3650 1205 3747 Ratisponensis
1241 3650 1423 3746 opiscopus
1452 3650 1638 3746 imperialis
1667 3650 1745 3721 aule
1771 3650 2012 3739 cancellarius,

609 3778 687 3849 vico
705 3776 836 3849 domiui
853 3775 1046 3871 Maguntini
1068 3775 1337 3872 archiepiscopi,
1365 3775 1401 3845 in
1426 3773 1607 3847 Germania
1630 3773 1938 3865 archicancellarii,
1958 3796 2016 3847 re-

609 3900 769 3995 cognovi.

661 4024 746 4096 Acta
763 4033 845 4096 suut
856 4024 921 4099 hoo
936 4044 1028 4097 anuo
1040 4022 1215 4097 dominice
1236 4020 1479 4095 iucarnationis
1504 4020 1684 4095 millesimo
1704 4020 1937 4094 ducentesimo
1954 4022 2016 4093 tri·

613 4146 741 4219 oesimo
767 4157 880 4239 sexto,
899 4169 1019 4221 mense
1038 4147 1148 4240 junii,
1169 4168 1260 4219 none
1284 4145 1499 4237 indictionis,
1526 4144 1715 4241 imperante
1736 4146 1879 4219 domino
1902 4157 2017 4219 nostro

613 4271 784 4347 Frideu'co
799 4272 1042 4364 secundo,1lei
1057 4272 1168 4365 gratia
1182 4271 1411 4345 invictissimo
1426 4272 1655 4344 Romanorum
1667 4272 1870 4365 imperatore
1882 4290 2018 4367 semper

617 4494 809 4506 ffl-
1155 4494 1717 4503 m---v—-n--n-o---a-nm—-u-
1727 4494 1750 4499 ...

648 4626 682 4700 (t)
701 4626 753 4683 lsta
766 4640 830 4683 vero
848 4624 920 4683 haud
935 4629 1025 4697 potest
1036 4640 1097 4683 esse
1114 4624 1253 4683 Gouradm
1270 4624 1316 4697 qui
1329 4624 1406 4697 juxta
1418 4624 1566 4699 catalogum
1577 4624 1762 4699 cpiscoporum
1777 4624 2018 4683 comtautiansium

612 4725 668 4796 jam
679 4722 782 4780 obierat
792 4739 860 4780 anno
871 4724 951 4794 ttat,
965 4723 1012 4780 sed
1024 4724 1114 4797 potins
1124 4738 1265 4780 successor
1277 4722 1335 4794 ejus
1346 4724 1493 4791 Henrtccu
1508 4736 1588 4795 quem
1597 4722 1625 4777 in
1637 4736 1699 4777 ann.
1708 4724 1779 4779 1138
1793 4724 1826 4777 to
1837 4722 1949 4794 januarii
1958 4722 2020 4779 huic

613 4820 775 4893 episcopatui
795 4819 943 4893 praefinisse
960 4818 1087 4877 docemur
1107 4836 1142 4877 ex
1159 4820 1275 4893 quodam
1294 4817 1470 4875 instrumento
1490 4819 1562 4891 apud
1579 4820 1721 4889 Naunanr,
1740 4818 1805 4877 (lod.
1825 4816 2017 4891 1111181811(-

614 4931 721 4974 monn..
735 4916 803 4988 1.11,
816 4934 845 4990 p.
858 4921 920 4988 188,
934 4928 966 4974 n·
980 4920 1042 4975 tto.
1054 4916 1120 4975 vica
1133 4917 1213 4977 mam
1224 4930 1306 4991 supra
1321 4932 1348 4989 p.
1361 4914 1425 4984 ter,
1439 4914 1807 4987 transterremus.
