4859 6359
620 801 681 865 630
1136 795 1311 857 bubulci
1334 796 1503 860 SEPTllss
1843 802 1923 887 [buu.
1941 806 2029 870 1284.

667 938 791 1009 Datum
803 930 1045 1024 Frenkeninrt,
1069 952 1161 1005 anno
1175 930 1313 1005 Domini
1325 932 1551 1009 uocxxxm
1567 935 1638 1035 (t),
1657 937 2002 1016 kalendiefebrnarii.

848 1244 1807 1257 cmm—affl

429 1536 590 1639 gum.
677 1514 789 1597 Anno
815 1512 969 1596 Domini
997 1508 1282 1620 dccxxxiiii,
1305 1537 1374 1596 rex
1399 1512 1597 1596 Heinricos
1624 1512 1771 1595 curiam
1798 1512 2060 1624 solempnem·

582 1624 588 1639 '
620 1648 906 1733 frankenevurt
930 1646 971 1727 in
998 1644 1264 1729 purificatione
1281 1644 1330 1755 (e
1350 1644 1471 1756 febr.)
1492 1644 1715 1754 celebravit,
1735 1644 1868 1729 mnas
1890 1646 2032 1730 uiam

621 1778 859 1891 principibus
884 1788 922 1861 et
946 1777 1132 1888 episcopis
1158 1778 1399 1889 congregatis
1428 1802 1474 1860 cc
1499 1778 1711 1895 multorum
1736 1778 1918 1862 ordinum
1944 1777 2032 1861 ire-

623 1915 770 2021 tn'bus,
801 1912 942 1995 scilicet
968 1910 1304 2020 Cisterciensibus‚
1330 1911 1658 1995 Praedicatoribus
1684 1920 1800 2021 atque
1824 1907 2034 1996 Minoribus

622 2057 661 2131 et
694 2046 850 2129 caeteris
885 2044 1072 2157 religiosis
1105 2045 1277 2153 personis
1282 2104 1380 2127 ......
1413 2044 1494 2129 Rex
1527 2044 1569 2129 iu
1599 2054 1788 2129 conventu
1819 2044 2034 2155 principum

620 2178 1011 2263 Hildensheimensem
1028 2180 1249 2287 episcopum
1271 2202 1451 2261 accusare
1467 2177 1609 2285 coepit,
1629 2201 1701 2286 pro
1726 2202 1773 2261 eo
1794 2178 1901 2287 quod
1918 2204 2034 2287 supra

622 2313 830 2397 haereticos
851 2311 1038 2421 populum
1064 2311 1353 2421 crucesignavit.
1385 2309 1461 2409 Qui
1488 2336 1529 2393 sc
1554 2310 1802 2431 probabiliter
1825 2336 2031 2432 excusaris,

623 2446 881 2530 exhortatione
902 2440 1129 2553 competenti
1155 2445 1255 2527 lacte
1280 2468 1352 2554 pro
1377 2443 1502 2526 crucis
1530 2444 1706 2553 negotio,
1731 2442 1911 2526 omnibus
1941 2469 2036 2553 pos-

623 2580 796 2663 centibus
823 2576 1114 2691 [crucesignari]
1142 2604 1182 2661 se
1208 2588 1426 2661 constanter
1456 2574 1697 2685 exsolvebat,
1728 2560 1774 2659 ac
1799 2603 1888 2659 cum
1919 2576 2036 2675 fratre

626 2714 779 2816 Ottonc,
805 2710 951 2793 ordinis
979 2710 1303 2821 Praedicatcrum,
1322 2720 1471 2822 partem
1487 2710 1662 2821 magistri
1682 2709 1851 2791 Cunradi
1868 2708 2036 2808 defuncti

623 2846 823 2958 diligenter
849 2845 1027 2929 tuebatur
1031 2904 1111 2925 .....
1141 2842 1287 2927 Deinde
1318 2842 1414 2927 scria
1441 2844 1608 2927 secunda
1633 2842 1681 2953 (6
1712 2840 1832 2953 febr.)
1855 2868 1924 2924 rex
1946 2867 2035 2938 cum

622 2978 802 3063 omnibus
819 2978 1053 3089 principibus
1079 3004 1124 3061 ac
1140 2977 1319 3086 praelatis
1346 2977 1414 3087 qui
1430 2978 1590 3059 aderant
1606 2976 1799 3075 civitatem
1812 2976 2034 3087 egrediens,

623 3115 664 3196 in
696 3138 831 3222 campo
859 3112 1048 3221 praesedit
1065 3110 1230 3220 judicic,
1255 3111 1385 3221 ibique
1406 3136 1534 3195 comes
1560 3111 1609 3193 de
1636 3109 1748 3191 Scine
1774 3135 1925 3192 secum
1951 3119 2036 3193 octe

623 3246 808 3356 episcopis
835 3254 872 3327 et
897 3244 1100 3327 duodecim
1119 3244 1234 3354 grisei
1254 3244 1400 3329 ordinis
1418 3244 1622 3329 abbatibus
1649 3270 1694 3325 ac
1720 3242 1879 3326 totidem
1904 3243 2035 3327 bline-

623 3378 732 3460 ribus
750 3376 931 3459 fratribus
949 3384 986 3459 et
1007 3375 1130 3459 tribus
1152 3377 1479 3461 Praedicatoribus
1496 3402 1542 3459 ac
1559 3376 1675 3459 ctiam
1691 3374 1900 3485 Nigrorum
1917 3372 2036 3456 ebbe·

625 3510 744 3615 thus,
763 3520 801 3591 et
821 3507 966 3591 clericis
985 3534 1051 3591 seu
1070 3507 1264 3591 nobilibus
1290 3508 1397 3591 laicis
1415 3508 1588 3617 personis
1613 3534 1693 3593 non
1719 3506 1866 3616 paucis,
1886 3506 2037 3615 publice

625 3653 664 3727 et
698 3642 930 3725 confidenter
960 3641 1196 3750 expurgavit.
1226 3641 1409 3750 idemque
1433 3666 1562 3724 comcs
1587 3642 1639 3724 de
1664 3640 1803 3724 Solmis
1834 3664 1924 3722 cum
1955 3640 2035 3723 suis

625 3774 735 3881 fecit,
774 3772 917 3856 obortis
953 3771 1118 3854 lacrimis
1145 3772 1297 3881 publice
1322 3772 1477 3856 scendo
1508 3798 1549 3855 se
1579 3782 1731 3856 tantum
1767 3772 1900 3855 mortis
1931 3780 2035 3855 metn

623 3907 812 3989 baeresim
830 3905 946 3988 fuisse
970 3905 1197 4015 professum.
1220 3906 1268 3987 Et
1299 3906 1481 4016 quoniam
1508 3905 1668 4017 legitimi
1695 3916 1933 3990 accusatores
1955 3929 2034 3989 non

625 4041 804 4147 aderent,
844 4040 893 4122 ad
935 4039 1114 4122 infamiae
1150 4040 1463 4149 expurgationem
1499 4041 1648 4123 admitti
1679 4038 1767 4151 jure
1808 4038 2030 4122 debuerant.

626 4172 809 4259 cornice:
827 4172 1019 4283 Euplord.
1041 4198 1103 4281 ap.
1132 4172 1333 4275 bornum,
1359 4180 1511 4283 Fontes,
1530 4184 1560 4256 t.
1585 4172 1641 4281 11,
1671 4199 1711 4281 p.
1743 4149 1940 4255 cot-593.
1971 4169 2033 4283 (li.¹

625 4314 719 4389 Gest.
745 4305 887 4387 Trevir.
910 4332 972 4415 ap.
993 4304 1208 4415 chrnunr,
1229 4327 1269 4415 p.
1290 4306 1385 4389 798.

662 4626 698 4700 (t)
716 4626 796 4683 Deest
808 4623 961 4683 indictionis
969 4629 1042 4681 nom.
1057 4622 1262 4697 Intelligendum
1274 4629 1366 4681 umen
1380 4638 1452 4682 enno
1463 4625 1544 4698 4234,
1556 4640 1641 4698 quum
1651 4624 1818 4700 paulopost,
1828 4624 1931 4685 scilicet
1942 4622 2036 4697 φήιιω

625 4720 727 4779 decimo
742 4720 786 4778 die
798 4721 917 4794 ejusdem
932 4718 1041 4792 mensis,
1054 4720 1148 4778 cedem
1162 4720 1297 4779 sententia
1307 4721 1384 4795 qnasi
1393 4722 1528 4781 recentior
1540 4729 1713 4781 memoretur.
