4859 6359
595 776 656 841 ΜΞ
1146 768 1456 833 scultennam

600 921 636 983 et
669 908 817 983 lacobus
845 906 1028 981 'l'ranensis
1055 904 1107 1003 (a)
1144 906 1412 1002 archiepiscopi,
1442 903 1622 979 llicherius
1656 901 1858 997 llellienais,
1887 904 2006 977 Petrus

601 1032 827 1108 Ravelnensia
862 1030 1037 1126 episcopi,
1072 1030 1176 1103 irater
1210 1030 1429 1103 normannus
1467 1028 1629 1121 magister
1664 1028 1842 1123 hospitalis
1883 1028 2006 1101 Sanoee

601 1156 708 1230 Maria
725 1154 1014 1229 Thentonicorum
1034 1153 1071 1225 in
1084 1152 1310 1245 iherusalem,
1328 1173 1445 1226 comes
1459 1150 1606 1225 Thomas
1620 1149 1667 1225 de
1682 1149 1845 1247 Acerris(
1864 1148 1892 1247 i.
1907 1151 2006 1225 itan-

605 1280 716 1353 tridns
736 1278 889 1352 marchio
910 1280 1036 1351 Lantm
1051 1275 1110 1373 (c),
1139 1275 1354 1351 lliclrhardns
1381 1276 1608 1365 camerarius,
1636 1276 1862 1349 lienesmnlns
1885 1276 1951 1371 (d),
1974 1284 2009 1347 et

603 1404 661 1476 alii
679 1404 911 1498 quamplures.

653 1527 798 1621 Signum
820 1524 952 1599 domini
980 1521 1153 1597 Frederici
1176 1521 1342 1615 secundi,
1365 1523 1583 1598 invictissimi
1609 1522 1843 1595 Romanorum
1865 1522 2010 1617 impera·

605 1651 688 1725 teris
705 1672 841 1745 semper
860 1648 1011 1744 angusti,
1036 1649 1223 1723 Jerusalem
1240 1657 1275 1722 et
1295 1648 1410 1723 Sicilie
1426 1648 1530 1741 regis.
1553 1646 1843 1745 (llortcprcmma.)

656 1774 742 1847 Acta
769 1782 851 1845 snnt
873 1772 938 1845 hec
970 1794 1062 1845 anno
1086 1772 1261 1846 dominice
1280 1772 1524 1845 incarnationis
1549 1770 1729 1843 millesimo
1753 1770 1816 1843 CC⁰
1841 1770 2012 1843 tricesim

606 1896 776 1987 secundo,
800 1917 919 1970 mense
940 1896 1162 1991 septembris,
1179 1904 1279 1969 sexte
1299 1896 1512 1987 indictionis,
1535 1896 1726 1991 imperante
1741 1894 1881 1969 domino
1898 1904 2013 1968 noeun

609 2022 801 2111 Friderice,
830 2021 893 2093 liei
919 2020 1030 2115 gratia
1060 2020 1288 2095 invictissimo
1311 2021 1540 2093 Romanorum
1561 2020 1767 2115 imperatore
1788 2040 1923 2113 semper
1949 2040 2013 2091 an·

611 2154 731 2242 gnato,
755 2146 942 2219 tanatem
965 2153 1001 2217 et
1019 2144 1135 2217 Sicilie
1157 2164 1260 2239 rege,
1289 2164 1382 2217 anno
1412 2143 1547 2239 imperii
1570 2143 1647 2235 ejus
1668 2140 1894 2235 duodecimo,
1918 2144 2014 2237 regni

612 2270 798 2344 Jerusalem
816 2269 974 2364 septimo,
992 2268 1091 2362 regni
1115 2288 1199 2343 vero
1224 2268 1338 2341 Sicilie
1362 2267 1534 2341 tricesimo
1557 2268 1692 2363 quinte,
1713 2266 1868 2341 feliciter.
1887 2266 2012 2342 Amen.

664 2397 786 2469 Datum
802 2393 897 2489 apud
912 2392 1077 2483 llclliem,
1097 2414 1202 2503 anno,
1226 2412 1342 2467 mense
1358 2402 1394 2466 et
1409 2391 1598 2465 indictione
1610 2392 1819 2488 prescriptis.

847 2728 1130 2739 -a———a--n-—u—--o
1135 2728 1202 2737 -—
1206 2728 1265 2737 ..ι--
1270 2728 1277 2735 ·
1281 2722 1787 2737 ..ιη-,Μ

473 3059 547 3155 opp.
669 3034 799 3119 Altera
815 3035 940 3119 forma
957 3034 1144 3145 privilegii
1161 3060 1185 3117 a
1202 3034 1391 3119 Friderice
1408 3035 1668 3121 Romanorum
1694 3034 1921 3143 imperatore
1938 3058 2021 3119 mc-

472 3168 532 3210 ¹²³²
616 3169 782 3254 nasterio
801 3170 960 3253 Sanctae
976 3168 1143 3253 Marinae
1160 3168 1209 3253 de
1235 3168 1353 3253 Stella
1370 3168 1553 3253 cencessi.

698 3410 870 3492 (Memorat.
884 3428 934 3490 ap.
949 3411 1062 3485 Parsa,
1077 3410 1156 3473 Stor.
1170 3406 1322 3491 remp,
1338 3416 1362 3473 t.
1376 3412 1417 3487 ll,
1430 3426 1459 3489 p.
1475 3418 1543 3485 tta,
1558 3408 1725 3475 erlloteat
1739 3408 1875 3473 autam.
1890 3404 2018 3470 mant

736 3518 824 3597 capit.
841 3515 923 3579 met.
934 3514 1058 3599 saep,
1071 3526 1106 3579 n⁰
1119 3517 1200 3594 tte.)

671 3758 689 3801 a
717 3731 824 3808 ⁴232.
849 3731 1035 3825 imperator
1058 3730 1242 3805 recensus
1268 3727 1428 3803 concedit
1462 3728 1581 3803 abbati
1606 3738 1642 3803 et
1667 3728 1851 3803 conventui
1880 3730 2024 3803 Sanctae

620 3856 774 3929 Marinae
789 3855 835 3927 (le
856 3855 960 3927 Stella
982 3852 1273 3928 confirmationem
1294 3852 1450 3927 omnium
1474 3853 1754 3945 immunitatum,
1777 3853 1941 3927 videlicet
1963 3873 2025 3949 pe·

621 3976 737 4071 dagli,
765 3976 931 4073 passagii,
964 3976 1153 4071 plateatici,
1181 3975 1395 4067 dalmatici,
1423 3974 1608 4069 herbatici,
1636 3976 1839 4073 glannatici,
1863 3996 1929 4049 nec
1953 3996 2024 4049 non

621 4096 941 4197 confirmatiopem]
969 4101 1113 4196 plancae
1147 4099 1244 4197 apud
1270 4094 1452 4195 Majornm'
1468 4100 1519 4173 eis
1544 4120 1750 4195 concessae,
1774 4120 1843 4173 non
1871 4098 2027 4172 obstante

620 4225 716 4321 qnod
733 4222 938 4298 Amalfitana
963 4224 1108 4297 ecclesia
1124 4224 1181 4297 vel
1202 4222 1271 4297 alia
1287 4225 1432 4319 quaevis
1453 4244 1602 4319 persona
1625 4222 1752 4297 lrabeat
1770 4224 1807 4297 in
1826 4223 1919 4297 dicta
1938 4232 2028 4295 terra

621 4350 739 4444 Majori
757 4350 897 4444 plancas
911 4369 1006 4439 suas,
1024 4356 1060 4420 et
1076 4347 1123 4420 ab
1140 4346 1302 4421 omnibns
1320 4347 1470 4423 collectis
1486 4348 1593 4423 libera
1611 4356 1749 4423 maneat
1762 4354 1798 4421 et
1812 4354 1987 4443 exempla.
2006 4370 2024 4414 r

665 4548 708 4631 (a)
729 4552 765 4612 ln
778 4553 920 4629 impresso
935 4548 1111 4610 immensa.

663 4657 704 4738 (b)
726 4658 839 4719 lblrlem
852 4653 887 4716 dc
898 4653 995 4718 Acci.

663 4761 702 4842 (c)
721 4762 834 4824 lbltlan
848 4758 988 4840 mliv,
1002 4760 1089 4823 latit.

664 4868 705 4949 (t)
725 4868 926 4930 Verlstmtttter
937 4864 1149 4929 Rindcmalar.
1164 4867 1436 4948 ct.supra,t.111,
1451 4884 1482 4948 p.
1499 4876 1571 4949 ata,
1584 4877 1614 4931 et
1626 4870 1748 4947 pasatm.
