4859 6359
637 785 696 848 roa
1153 783 1326 846 nesarci
1347 782 1514 844 sarnitan
1852 785 1932 866 [ars
1949 787 2036 850 rsus

716 917 811 994 <solt
827 933 876 995 ap.
897 904 1223 998 umbramen.
1237 917 1333 993 xxx,
1348 932 1418 998 pars
1432 925 1473 994 1¹,
1489 933 1522 998 p.
1535 925 1606 992 art,
1620 925 1654 978 n·
1668 925 1738 994 ras,
1753 933 1792 982 ex
1804 919 1939 1001 onpnm
1948 925 2041 1001 enjus

754 1026 883 1104 spuunt
894 1023 1003 1104 pent)
1022 1080 1026 1086 .

687 1190 726 1260 ln
749 1184 889 1259 nomine
911 1191 1029 1258 sancte
1055 1191 1090 1255 et
1107 1182 1288 1258 individue
1309 1183 1495 1258 Trinitatis.
1519 1183 1582 1278 1.,
1603 1183 1667 1256 Dei
1684 1185 1793 1278 mia
1807 1185 2039 1264 Romanorum

637 1333 701 1386 rex
714 1320 750 1384 et
761 1331 897 1404 semper
912 1317 1093 1402 augustus,
1107 1306 1268 1380 omnibns
1284 1307 1550 1404 inperpetuum.
1568 1307 1780 1383 Notumcsss
1793 1311 1955 1386 volumus
1969 1321 2039 1388 mm

638 1435 856 1535 presentibus
872 1454 978 1526 quam
997 1431 1120 1503 futuris
1133 1431 1230 1526 quod
1248 1451 1314 1504 nos
1330 1431 1550 1527 privilegium
1564 1439 1599 1504 et
1613 1430 1865 1506 ordinationem
1882 1435 1958 1510 sive
1970 1443 2039 1510 stu·

641 1570 756 1632 tutum
770 1555 1011 1632 Embriubonis
1021 1555 1112 1628 bone
1129 1555 1294 1628 memorie
1308 1555 1484 1651 qnondam
1494 1554 1750 1650 Herbipolensis
1765 1556 1931 1654 episcopi,
1945 1559 2041 1656 quod

641 1685 763 1759 dotum
781 1690 855 1756 erat
871 1679 1016 1754 ecclesie
1038 1681 1152 1752 Sancti
1177 1679 1343 1752 lobannis
1359 1681 1395 1751 in
1415 1681 1537 1774 [longe
1560 1687 1596 1752 st
1619 1681 1792 1776 preposito
1815 1691 1851 1756 et
1868 1683 2042 1758 canonicis

642 1807 799 1901 ejusdem
815 1805 900 1893 loci,
921 1805 988 1898 legi
1005 1804 1151 1876 fecimus
1164 1823 1280 1876 coram
1296 1803 1420 1893 nobis3
1440 1805 1542 1897 cujus
1557 1811 1654 1876 tenor
1665 1805 1743 1877 talis
1754 1814 1805 1878 est
1825 1832 1835 1879 :

693 1957 710 2001 u
730 1933 770 2002 ln
794 1927 937 2002 nomine
962 1936 1079 2000 sancte
1102 1937 1137 1999 et
1153 1925 1337 2000 individue
1351 1927 1535 1999 Trinitatis.
1555 1924 1741 2000 Embricho
1756 1928 2043 2024 wirziburgensis

642 2057 839 2151 episcopus,
850 2053 1012 2126 omnibus
1021 2051 1144 2124 Christi
1153 2049 1315 2124 fidelibus
1325 2052 1482 2124 salntem.
1491 2051 1660 2122 Omnibus
1672 2062 1742 2124 tam
1756 2053 1923 2148 presentis
1938 2075 2043 2148 qnam

642 2183 756 2253 future
781 2177 880 2251 etatis
901 2176 1102 2250 bominibus
1129 2185 1250 2248 uotum
1274 2195 1350 2248 esse
1376 2175 1541 2248 volumus
1568 2175 1715 2268 qualiter
1731 2177 1881 2272 ¹qnidam
1905 2161 2044 2270 Regen-

642 2303 773 2377 hardus
787 2301 953 2388 delimo,
978 2299 1141 2372 videlieet
1159 2297 1351 2372 advocatus
1373 2299 1516 2371 fratrum
1530 2293 1576 2370 ds
1593 2297 1718 2371 Sauow
1734 2299 1904 2386 Iohanne,
1923 2299 1959 2372 in
1972 2301 2045 2374 Ba·

642 2431 817 2521 denguwu
829 2426 920 2498 bona
933 2445 1051 2497 eorum
1069 2423 1401 2518 Gvonengesboven,
1421 2420 1736 2515 Wolfgismhnsen,
1755 2423 2041 2518 liarischesbeim,

640 2549 977 2638 Rodericbesbusen‚
996 2548 1208 2642 nuptorum,
1228 2545 1423 2638 Gnonsstet,
1444 2547 1626 2636 licenstat,
1645 2546 1842 2639 Osanwort‚
1862 2547 2046 2622 Accolues·

640 2677 769 2763 husen,
788 2669 1071 2758 Eschlibesbeim‚
1086 2691 1150 2763 per
1165 2669 1335 2763 quasdam
1352 2669 1536 2742 insolentes
1550 2670 1755 2744 exacciones
1773 2679 1809 2742 et
1823 2671 1967 2745 subtiles
1983 2671 2048 2744 ad-

640 2799 858 2874 inventiones
867 2795 1039 2890 quesipse
1049 2794 1196 2866 abusive
1203 2795 1360 2886 justicias
1371 2796 1570 2891 appellavit,
1581 2793 1671 2869 adeo
1684 2793 1901 2869 destruxerat
1913 2805 1948 2868 et
1964 2797 2047 2868 fun·

643 2925 737 3000 ditus
753 2920 1025 2996 adnichilaverat
1047 2927 1088 2990 ut
1107 2919 1277 3013 prefatum
1302 2919 1485 3014 collegium
1505 2921 1691 2995 cottidiano
1712 2919 1883 3016 stipendio
1898 2939 1962 2993 suo
1979 2942 2047 3016 ps-

644 3051 739 3122 nitus
755 3052 905 3133 careret3
921 3043 1025 3116 etiam
1044 3042 1091 3114 ita
1107 3042 1335 3115 exterioribus
1349 3041 1533 3116 destructis
1551 3052 1586 3116 et
1602 3041 1831 3116 adnichilletis
1849 3043 1885 3114 in
1905 3043 2048 3117 ecclesia

643 3173 736 3246 beati
750 3164 1085 3243 lobannisdivinnm
1099 3165 1278 3238 servitium
1289 3167 1459 3261 exinopia
1475 3189 1590 3239 rerum
1609 3174 1643 3239 et
1658 3185 1881 3260 personarum
1901 3166 1971 3238 fere
1989 3185 2050 3261 per

646 3295 762 3370 omnia
774 3311 908 3366 cessare
923 3298 1070 3385 ceperat.
1083 3288 1236 3361 Tandem
1253 3309 1337 3362 voro
1354 3289 1498 3383 predicti
1512 3291 1631 3362 fratres
1639 3309 1762 3384 graves
1769 3298 1803 3362 ot
1815 3287 2051 3362 indeficientes

645 3415 883 3516 querimonias
900 3411 946 3486 de
961 3412 1128 3486 advocato
1141 3433 1218 3502 suu,
1230 3409 1644 3505 Regenhardovidelioet‚
1659 3422 1820 3486 eteorum
1837 3413 1937 3486 nobis
1953 3422 1987 3486 et
2003 3411 2050 3486 ad

648 3544 805 3616 ultimum
822 3559 938 3612 coram
956 3557 1039 3630 rege
1055 3535 1241 3608 Lucthsrio
1254 3556 1394 3609 movere
1407 3545 1617 3632 ceperuntet
1629 3558 1709 3610 enm
1722 3535 1931 3609 incessanter
1946 3536 2051 3630 injus

648 3665 736 3738 etin
752 3658 1136 3752 cansemsuasinjurias
1151 3657 1405 3754 expostulando
1418 3669 1608 3732 traxerunt.
1623 3659 1700 3732 ilex
1716 3669 1831 3732 autem
1847 3659 2051 3733 Luotharius

649 3791 760 3863 unum
778 3796 812 3858 et
821 3784 997 3878 justiciam
1013 3782 1049 3856 in
1065 3803 1169 3857 causa
1185 3783 1326 3858 fratrum
1344 3783 1709 3877 supranominatorum
1722 3783 2000 3856 animadvertens
2017 3793 2052 3856 et

649 3911 872 4008 amplectens,
892 3907 993 3981 nobis
1009 3907 1076 3980 sub
1093 3907 1235 3984 obtentu
1259 3904 1367 4000 gratie
1383 3919 1452 3980 'sue
1477 3907 1629 4003 precepit
1645 3905 1742 4002 quod
1759 3907 1858 3980 tnnn·
1873 3916 1908 3980 et
1932 3908 2053 3980 frutros

650 4034 766 4108 Sancti
790 4031 955 4138 tubunnis
969 4053 991 4104 a
1005 4031 1159 4127 predicto
1171 4029 1360 4128 advocato,
1381 4030 1488 4102 immo
1504 4029 1714 4104 destructore
1734 4031 1873 4127 penitus
1892 4031 2052 4105 absolve·

650 4179 779 4232 remus.
799 4155 900 4229 Unde
916 4156 1086 4252 prefatum
1102 4153 1366 4248 {tegenhardnn
1378 4163 1506 4228 statuto
1524 4155 1599 4228 locu
1613 4165 1647 4228 et
1665 4155 1724 4228 die
1738 4165 1773 4227 et
1790 4154 1882 4228 datis
1892 4155 2053 4247 legitimis

650 4280 794 4355 indutiis
806 4280 872 4352 sub
886 4279 990 4352 tercio
1007 4278 1123 4352 edicto
1142 4280 1358 4354 vocavimus.
1380 4278 1448 4366 Qui
1471 4277 1556 4352 dum
1574 4279 1642 4352 sibi
1664 4279 1855 4376 periculum
1876 4278 2055 4352 imminere

652 4403 829 4502 cognovit,
851 4403 898 4478 ad
909 4401 1049 4475 terciam
1064 4402 1281 4476 vocationem
1299 4403 1395 4476 senio
1410 4411 1445 4478 ct
1462 4401 1659 4476 infirmitate
1671 4405 1849 4476 confectus
1861 4402 1972 4495 venit,
1991 4401 2055 4475 sed

652 4532 697 4604 du
714 4529 875 4602 omuibus
892 4527 959 4600 sibi
974 4527 1116 4620 objectis
1132 4548 1171 4600 se
1189 4529 1386 4600 nullatenus
1403 4525 1587 4600 defendere
1605 4527 1733 4622 potuit,
1753 4528 1789 4598 in
1807 4537 1938 4599 tantmn
1959 4525 2055 4620 quod

651 4651 832 4726 advocatia
842 4671 903 4746 per
914 4659 1045 4724 ceteros
1056 4649 1314 4724 inbeneficiatos
1325 4659 1459 4723 nostros
1472 4649 1505 4722 ei
1519 4652 1555 4722 in
1568 4651 1706 4722 instanti
1717 4649 1907 4744 abjudicari
1919 4647 2054 4722 debuit.

652 4775 737 4848 Cum
756 4793 840 4848 vero
858 4774 1036 4847 convictus
1059 4793 1098 4846 so
1125 4773 1359 4848 defensionem
1382 4773 1472 4866 juris
1496 4783 1531 4846 et
1554 4771 1806 4850 firmamentum
1825 4793 1929 4848 cause
1939 4771 2056 4870 perdi-

652 4899 746 4973 disse
764 4897 956 4992 conspexit,
970 4896 1017 4970 ad
1032 4918 1150 4992 preces
1160 4907 1195 4970 et
1208 4898 1475 4994 supplicationes
1490 4917 1530 4971 sc
1542 4897 1724 4991 convertit,
1741 4897 1915 4972 humiliter
1931 4915 2057 4989 rogans
