4859 6359
592 770 653 833 sco
1091 765 1305 827 rnrcnnrcr
1326 764 1498 827 sncuvnr
1817 763 2000 843 [surena

593 903 736 977 studeas
760 920 943 991 exercere,
971 900 1105 975 iebcem
1136 900 1326 974 adventum
1353 909 1507 973 nostrum
1525 898 1561 971 in
1581 899 1742 995 proximo
1769 900 2000 995 prestolando.

643 1028 768 1100 Datum
785 1022 880 1119 apud
896 1022 1106 1121 Augustam,
1126 1026 1175 1097 xl
1189 1026 1281 1120 iulii,
1298 1024 1487 1099 indictione
1500 1023 1603 1096 vllll.

811 1328 936 1342 ’.ιιι--

439 1682 528 1729 „m
645 1613 874 1719 Fridericus,
887 1612 1148 1697 Romanorum
1165 1613 1387 1723 imperator,
1402 1613 1575 1722 Philippo
1591 1612 1640 1695 de
1653 1611 1896 1723 llychenberc
1912 1636 2002 1719 pro-

590 1746 756 1830 curatori
787 1746 936 1829 comitis
961 1746 1112 1829 ilenrici
1138 1746 1188 1829 de
1212 1746 1356 1831 Werda
1378 1745 1611 1855 caeterisque
1627 1742 1822 1854 judicibus
1844 1744 2002 1825 mandat

590 1888 635 1963 ut
656 1904 748 1989 erga
769 1878 869 1961 cives
889 1877 1184 1988 Argentinenses
1205 1878 1404 1989 privilegia
1420 1878 1564 1961 eisdem
1586 1901 1764 1961 concessa
1785 1877 1997 1983 observent,

591 2012 800 2123 specialiter
827 2038 876 2096 ne
901 2025 1008 2095 extre
1035 2011 1171 2095 urbem
1189 2012 1229 2093 in
1258 2012 1323 2123 Jus
1348 2012 1551 2095 dabantur
1575 2036 1664 2094 cum
1682 2012 1723 2093 in
1755 2012 1903 2095 civitate
1931 2036 2000 2093 sua

587 2144 776 2255 justitiam
794 2144 918 2227 facere
936 2144 1012 2226 sint
1028 2144 1165 2253 parati.

672 2353 807 2433 (Fdlder.
821 2354 1026 2429 scaenarum,
1038 2350 1154 2416 Ababa
1165 2351 1330 2435 dirrburat„
1343 2360 1369 2417 t.
1386 2358 1413 2430 1,
1427 2373 1459 2434 p.
1470 2364 1540 2417 trs.
1551 2386 1592 2407 ·-·
1603 2356 1758 2428 oramen,
1772 2350 1926 2417 Prodicus.
1937 2370 1995 2414 rer.

709 2457 819 2536 dicct„
832 2478 865 2539 p.
880 2459 964 2539 296.)

637 2646 849 2736 Fridericus,
866 2645 928 2718 Dei
944 2646 1054 2739 gratia
1079 2646 1308 2718 Romanorum
1329 2646 1515 2741 imperator
1536 2668 1671 2742 semper
1688 2654 1876 2740 augustus,
1895 2647 1999 2719 lern-

589 2772 695 2845 salem
713 2778 748 2843 et
765 2769 879 2842 Sicilie
895 2791 974 2859 rex,
994 2770 1151 2865 Philippo
1167 2768 1212 2841 de
1229 2768 1452 2864 llychenberc
1470 2769 1680 2865 procuratori
1697 2770 1832 2843 comitis
1847 2768 1995 2841 Heinrici

590 2895 636 2968 de
659 2893 788 2967 Werda
813 2902 848 2965 et
869 2893 991 2965 ceteris
1012 2892 1189 2984 judicibus
1216 2913 1279 2989 per
1304 2893 1487 2988 imperinm
1517 2893 1709 2967 constitutis
1739 2892 1901 2965 fidelibus
1924 2892 1998 2963 suis

589 3024 767 3113 presentes
787 3016 916 3088 litteras
942 3014 1147 3110 inspecturis
1169 3015 1314 3109 gratiam
1340 3035 1440 3086 suam
1462 3024 1497 3088 et
1517 3036 1620 3088 omne
1642 3017 1788 3088 bonum.
1811 3015 1998 3111 Supplica-

590 3148 672 3212 runt
696 3138 892 3213 celsitudini
915 3147 1030 3211 nostre
1057 3138 1151 3210 cives
1168 3137 1448 3232 Argentincnses‚
1470 3138 1589 3213 fideles
1605 3140 1728 3231 nostri,
1749 3148 1789 3211 ut
1805 3138 1996 3211 libertatem

591 3263 676 3359 ipsis
692 3284 715 3336 a
734 3262 825 3337 divis
849 3262 1127 3357 progenitoribus
1144 3262 1269 3333 nostris
1291 3260 1450 3335 traditam
1468 3272 1503 3335 et
1518 3284 1715 3335 concessam
1738 3284 1801 3358 per
1817 3262 1995 3358 privilegia

591 3408 632 3460 ac
650 3386 695 3458 de
711 3395 826 3458 nostra
843 3384 953 3477 gratia
969 3384 1188 3479 postmodum
1204 3394 1404 3458 renovatam
1427 3394 1462 3458 et
1481 3385 1735 3477 confirmatam,
1754 3396 1789 3458 et
1806 3384 1997 3481 specialiter

591 3534 636 3583 ne
653 3518 750 3583 extra
768 3531 868 3582 suam
884 3508 1058 3596 civitatem
1078 3508 1414 3604 pervostrabantnr
1430 3508 1676 3604 adjudicium,
1698 3531 1777 3581 cum
1803 3510 1839 3581 in
1857 3509 1996 3581 civitate

591 3656 655 3707 sua
667 3633 842 3727 justiciam
859 3632 970 3705 iacere
991 3632 1060 3704 sint
1078 3633 1205 3727 parati,
1225 3634 1321 3707 salva
1344 3634 1381 3705 in
1397 3634 1558 3706 omnibns
1577 3633 1770 3706 reverentia
1787 3642 1822 3705 et
1832 3632 1996 3725 jurisdic-

592 3758 686 3830 tione
702 3756 863 3829 cnlminis
878 3756 1076 3850 imperialis,
1094 3778 1155 3851 per
1168 3777 1233 3829 vos
1245 3754 1376 3829 eisdem
1393 3756 1569 3831 observari
1584 3756 1629 3831 de
1644 3766 1758 3829 nostra
1776 3756 1885 3848 gratia
1900 3778 1996 3827 man-

592 3882 766 3954 daremus.
786 3881 857 3952 Nos
872 3880 990 3974 itaque
1004 3880 1122 3953 habito
1139 3888 1297 3975 respectu
1313 3878 1359 3953 ad
1382 3880 1508 3954 devota
1528 3878 1670 3953 servitia
1691 3900 1761 3973 qne
1778 3878 1883 3953 iidem
1903 3879 1997 3951 cives

590 4005 755 4077 hactenus
796 4012 912 4076 nostre
941 4002 1137 4075 celsitudini
1168 4004 1389 4098 prestiterunt
1426 4013 1460 4077 et
1490 4026 1560 4099 que
1593 4004 1760 4077 exhibent
1790 4002 1997 4075 incessanter

591 4152 729 4226 queque
750 4128 852 4201 nobis
877 4128 913 4199 in
936 4137 1039 4201 antea
1065 4128 1233 4201 exhibere
1254 4138 1415 4223 poterunt
1440 4130 1607 4224 gratiora,
1626 4150 1747 4201 eorum
1770 4127 1996 4223 snpplicatio-

590 4256 694 4328 nibus
710 4252 877 4344 inclinati,
898 4252 1115 4326 universitati
1132 4260 1245 4326 vestre
1262 4252 1468 4325 mandamus
1484 4274 1546 4349 per
1560 4252 1738 4325 obtentum
1755 4250 1864 4345 gratie
1883 4260 1996 4323 nostre

591 4376 731 4450 lirmiter
757 4374 985 4471 precipientes
1012 4382 1184 4469 qnatemm
1208 4375 1399 4448 libertatem
1416 4375 1581 4473 predictis
1602 4374 1778 4449 civibusa
1798 4373 1995 4468 progenito-

589 4502 688 4574 ribus
701 4500 827 4573 nostris
842 4499 935 4572 divis
955 4500 1185 4571 Romanorum
1204 4498 1468 4595 imperatoribus
1485 4500 1647 4575 traditam
1666 4508 1702 4573 et
1723 4518 1919 4571 concessam
1934 4518 1996 4591 per

590 4623 772 4722 privilegia
793 4644 835 4695 ac
857 4622 903 4695 de
921 4632 1037 4695 nostra
1052 4620 1288 4695 munificentia
1305 4634 1504 4697 renovatam
1524 4622 1743 4720 postmodum
1763 4630 1798 4695 et
1814 4618 1995 4694 confirma-

590 4760 678 4839 tam,
698 4746 942 4842 etspecialiter
963 4768 1008 4819 ne
1030 4755 1129 4820 extra
1149 4747 1323 4821 civitatem
1341 4770 1440 4822 snam
1457 4748 1635 4822 trahantur
1651 4746 1697 4821 ad
1717 4754 1832 4820 vestra
1845 4743 1992 4837 judicia,

589 4894 671 4946 cum
687 4870 874 4966 unicuique
890 4870 926 4943 in
943 4870 1082 4945 civitate
1095 4893 1159 4945 sna
1177 4894 1294 4946 coram
1308 4894 1372 4945 suc
1382 4872 1501 4967 judice
1514 4872 1689 4967 justiciam
1709 4870 1821 4944 iacere
1842 4867 1910 4940 sint
1926 4888 1994 4963 pa-
