4859 6359
551 812 1095 1045 HElllRlCl
1162 810 1687 1005 SEPTlllll

925 1172 1173 1233 aomanorum
1194 1174 1307 1234 soors

645 1421 1011 1542 HISTORIA
1054 1423 1594 1545 DIPLOMATICA.

751 1972 868 2046 Tosss
896 1968 1075 2057 QUARTI
1104 1968 1225 2043 PARS
1253 1970 1489 2045 SECUNDA.

820 2304 932 2367 ΑΝΝΟ
954 2304 1053 2367 1231.
1070 2336 1110 2353 -
1131 2305 1372 2369 lonlcrlorln
1396 2308 1427 2372 5.

1003 2528 1244 2557 ss

473 2760 677 2866 Hannone,
695 2759 957 2844 Romanorum
975 2783 1065 2866 rex,
1086 2758 1301 2867 praeposito
1317 2768 1356 2840 et
1370 2758 1573 2843 conventui
1590 2758 1641 2841 de
1655 2757 1831 2843 Denlen-

419 2896 511 2981 dorf
523 2892 791 3004 proprietatem
810 2892 925 2975 unius
942 2890 1105 3000 patellae
1132 2890 1222 2975 selis
1247 2890 1289 2973 in
1315 2891 1464 2976 civitate
1490 2892 1697 2977 scallellis
1714 2892 1832 2977 libere

411 3029 624 3128 ,tenendam
642 3036 679 3111 et
697 3034 877 3137 perpetuo
894 3024 1165 3135 possidendam
1182 3023 1342 3108 confert.

503 3242 593 3323 (Edit.
603 3258 653 3321 ap.
668 3242 810 3314 Brauon,
825 3238 944 3302 Dorum
959 3234 1048 3302 nib.
1062 3244 1187 3302 oanan.
1209 3235 1368 3317 arem,
1380 3240 1447 3312 tl,
1460 3254 1491 3318 p.
1505 3238 1589 3319 ⁴0⁵.)

470 3429 651 3505 Heinricus
667 3427 832 3524 septimus
848 3426 969 3503 divina
994 3427 1131 3501 lavante
1158 3426 1337 3499 clementia
1353 3426 1584 3501 Romanorum
1610 3447 1675 3501 rex
1695 3446 1834 3524 semper

422 3561 608 3651 saguntus,
637 3552 809 3628 universis
829 3550 964 3648 imperii
989 3547 1152 3625 fidelibus
1173 3549 1301 3645 quibus
1323 3550 1390 3623 hee
1414 3549 1526 3625 littere
1546 3550 1675 3625 luerint
1696 3560 1840 3627 ostense

422 3678 567 3773 gratim
585 3698 685 3751 suam
704 3685 741 3750 et
754 3696 858 3751 omne
874 3676 1018 3749 mnum.
1037 3674 1209 3760 Quoniam
1224 3675 1432 3771 sempiterna
1448 3673 1551 3749 sedes
1568 3676 1606 3749 in
1621 3676 1684 3751 Ilei
1708 3676 1835 3772 palutio

353 3892 356 3899 ‚
424 3810 618 3877 oomtructa
634 3812 688 3877 est
704 3800 892 3896 temporale
904 3800 1036 3873 bonum
1048 3798 1296 3873 famulantibus
1307 3802 1380 3873 Deo
1394 3806 1430 3872 et
1440 3799 1652 3894 pauperibus
1664 3801 1831 3895 eroganti,

424 3923 674 4021 quodquidam
688 3922 988 4020 piasollicitudiue
1001 3922 1184 3996 salubriter
1197 3922 1435 4011 advertentes,
1452 3920 1718 4017 significandum
1729 3922 1835 3997 ‹luxi-

423 4069 502 4122 mus
513 4047 686 4121 universis
700 4066 789 4143 quos
803 4065 867 4119 uos
879 4043 924 4119 de
937 4047 1093 4119 consulta
1109 4045 1357 4121 deliberatione
1368 4056 1404 4119 et
1415 4067 1463 4121 ex
1475 4044 1663 4121 deliberate
1676 4047 1832 4137 consilio,

426 4172 562 4247 dilectis
572 4169 734 4245 fidelibus
749 4170 873 4245 uostris
892 4170 1064 4266 preposito
1080 4178 1115 4243 et
1133 4170 1318 4245 conventui
1333 4169 1378 4244 de
1390 4168 1635 4243 Deuckendorl
1643 4171 1680 4241 in
1697 4170 1836 4243 civitate

424 4304 541 4369 nostra
556 4296 663 4369 ilallis
682 4294 922 4391 proprietatem
938 4295 1043 4366 unius
1058 4294 1185 4391 patella
1200 4294 1282 4367 salis
1299 4294 1507 4366 contulimus
1523 4293 1632 4365 libere
1649 4292 1835 4367 tenendum

426 4430 460 4494 et
478 4428 646 4515 perpetuo
660 4414 917 4515 possidendam.
943 4416 1157 4511 Adjicieutes
1179 4416 1224 4491 de
1246 4416 1480 4490 munificentia
1496 4424 1613 4496 nostra
1625 4427 1665 4488 ut
1679 4416 1836 4513 predicta

425 4543 564 4617 bonain
579 4551 754 4637 posterum
767 4540 966 4638 possideant
978 4540 1110 4637 absque
1123 4540 1217 4615 omni
1232 4540 1426 4630 exactione,
1441 4539 1597 4636 precaria
1612 4541 1669 4615 vel
1679 4541 1832 4615 collecta.

425 4666 615 4740 statuimus
629 4666 779 4757 igituret
789 4664 858 4739 sub
870 4665 1146 4739 interminatione
1160 4664 1396 4759 gratiwostre
1409 4662 1563 4738 disbicte
1575 4664 1784 4761 precipimus
1795 4676 1836 4758 nt

426 4790 520 4863 nulla
538 4812 693 4885 unquam
705 4810 850 4886 persona
866 4788 1008 4861 humilis
1026 4789 1082 4861 vel
1101 4788 1188 4876 ulta,
1209 4787 1439 4861 ecclesiastica
1458 4789 1515 4862 vel
1542 4788 1724 4874 secularis,
1750 4808 1837 4884 pre·

427 4908 745 4988 dictumecclesiam
763 4912 800 4985 in
814 4912 915 4986 bonis
932 4912 1107 5009 prelibatis
1120 4909 1249 4985 audeat
1262 4912 1442 4985 molestare
1455 4913 1512 4985 vel
1526 4912 1572 4985 ab
1590 4912 1673 5008 ipsis
1685 4912 1836 5006 aliquam

1904 2779 1992 2832 Bulba,

1883 2836 1906 2877 1·
1915 2833 2017 2877 ortubus
