4859 6359
435 710 532 771 lsnrcr.
548 710 592 789 5.]
882 706 1078 771 HISTORIA
1102 708 1394 772 pretereuntes
1786 712 1847 775 569

434 843 687 918 ordinationem
704 851 740 915 et
756 839 962 915 divisionem
977 844 1147 917 bonorum
1169 844 1313 917 ecclesie
1330 844 1497 940 prelibato
1517 842 1705 938 intringere
1719 844 1847 919 audeat

435 968 712 1061 autcnjusqnam
724 966 856 1059 ingenii
866 968 1031 1063 scrupulo
1044 978 1253 1063 permutare.
1264 966 1366 1051 Quod
1375 968 1438 1062 qui
1455 968 1568 1040 fecere
1578 969 1843 1063 presumpserit,

436 1090 709 1185 indignationem
725 1088 788 1161 Dei
812 1088 1055 1185 omnipotentis
1079 1100 1265 1183 nostreque
1289 1090 1502 1163 celsitudinis
1523 1089 1763 1185 gravissimam
1783 1091 1845 1163 oi·

434 1214 566 1287 fensem
583 1216 623 1287 se'
639 1212 775 1287 noverit
791 1212 1024 1285 incursurum.
1044 1212 1102 1287 Ad
1117 1214 1224 1306 hujus
1234 1214 1352 1307 itaque
1365 1215 1445 1287 iacti
1455 1213 1758 1309 nostriperennem
1769 1234 1844 1286 me-

432 1338 578 1411 moriam
597 1348 632 1411 et
655 1338 812 1412 stabilem
830 1334 1046 1425 firmitatem,
1076 1358 1216 1433 presens
1236 1336 1366 1410 exinde
1381 1336 1550 1410 comeribi
1568 1337 1790 1433 privilegium
1808 1346 1845 1410 et

432 1460 545 1555 sigillo
562 1472 682 1535 nostro
693 1461 862 1554 jussimus
873 1461 1041 1555 insigniri.

480 1584 605 1658 Actum
629 1584 724 1681 apud
751 1585 966 1679 degustem,
993 1605 1086 1658 anno
1118 1581 1291 1658 dominice
1324 1583 1568 1659 incarnationis
1598 1582 1840 1675 ΜΕΟΧΧΧΙΙ,

432 1708 494 1782 XV
510 1708 677 1783 kalendas
685 1709 795 1804 junii,
814 1708 1001 1781 indictione
1013 1707 1057 1781 V.

1359 1996 1609 2011 ...ουσιαι-..-

487 2264 692 2373 Homines,
713 2264 972 2349 Romanorum
990 2290 1072 2372 rex,
1100 2262 1230 2347 abbati
1248 2274 1286 2347 et
1303 2262 1501 2347 conventui
1533 2262 1693 2349 Sanctae
1711 2266 1842 2349 Crucis

435 2398 538 2507 apud
564 2398 820 2482 Donauwertb
842 2396 1013 2480 concedit
1034 2406 1079 2479 ut
1108 2396 1280 2479 minister
1309 2396 1384 2480 loci
1409 2396 1580 2507 ejusdem
1603 2396 1691 2506 jure
1716 2397 1844 2484 debito

435 2530 541 2641 quod
571 2531 710 2614 dicitur
739 2536 960 2639 Voqctmuetc
989 2527 1126 2613 debeat
1154 2556 1237 2611 esse
1267 2539 1467 2613 contentus
1497 2538 1535 2612 et
1564 2556 1846 2641 quemcumque

435 2688 484 2745 ex
501 2661 673 2746 officiatis
699 2662 847 2771 imperii
865 2660 1071 2765 voluerint,
1103 2660 1175 2743 sibi
1194 2660 1337 2772 eligant
1359 2661 1400 2742 in
1419 2661 1676 2768 defensorem3
1695 2662 1847 2773 elinque

433 2794 523 2905 jure
540 2822 564 2877 e
581 2794 933 2906 praedecessoribus
952 2794 1031 2877 suis
1058 2793 1207 2876 indulta
1224 2794 1367 2876 eisdem
1385 2792 1598 2877 confirmet.

518 3008 614 3087 (snt.
628 3024 678 3087 ap.
693 3007 828 3071 uenae.
843 3008 936 3085 noa„
950 3008 1070 3085 uxvr,
1084 3024 1116 3087 p.
1133 3017 1183 3083 ss,
1198 3008 1371 3069 uum
1396 3005 1558 3089 ruerem.)

485 3194 666 3267 Heinricus
691 3194 859 3289 septimus
881 3193 943 3267 Dei
960 3194 1076 3286 gracia
1094 3194 1325 3267 Romanorum
1345 3212 1412 3266 rex
1429 3203 1464 3266 et
1488 3212 1625 3288 semper
1652 3202 1843 3289 augustus,

436 3318 610 3393 universis
628 3320 765 3417 imperii
783 3319 945 3393 fidelibus
960 3340 1106 3417 presens
1121 3320 1287 3418 scriptum
1311 3320 1516 3415 inspecturis
1536 3320 1680 3415 gratiam
1698 3340 1797 3394 suam
1812 3331 1849 3395 et

435 3442 692 3515 omnebonum.
708 3444 829 3515 vestre
840 3444 1029 3517 innotescet
1040 3442 1256 3517 universitati
1268 3442 1364 3538 quod
1379 3440 1711 3537 apredecessoribus
1724 3444 1848 3517 nostris

437 3564 667 3637 Romanomm
685 3565 947 3661 imperatoribus
959 3575 995 3639 et
1017 3564 1158 3657 regibus
1171 3564 1376 3639 monasterio
1390 3565 1515 3636 Sancte
1529 3564 1647 3637 Crucis
1664 3566 1701 3636 in
1718 3564 1847 3641 Werda

438 3697 474 3761 et
486 3687 603 3760 abbati
619 3698 654 3760 et
669 3690 853 3761 conventui
870 3689 936 3762 loci
948 3688 1106 3783 ejusdcm
1121 3689 1287 3761 bactenus
1299 3698 1351 3761 est
1365 3708 1565 3761 eoncessum
1578 3686 1674 3780 quod
1691 3688 1849 3763 ministm

436 3810 506 3884 loci
524 3810 680 3905 ejusdem
695 3820 730 3885 et
743 3812 885 3909 insuper
897 3813 1172 3886 nnllihominum
1184 3814 1288 3886 licere
1302 3808 1429 3885 debeat
1443 3810 1539 3907 quod
1552 3832 1573 3883 a
1584 3812 1715 3885 colonis
1728 3834 1847 3887 eornm

436 3933 555 4029 aliqua
572 3935 719 4031 accipiat
737 3936 929 4033 stipendia,
945 3947 1007 4009 aut
1019 3936 1110 4009 bona
1125 3934 1281 4029 ejusdem
1298 3934 1495 4009 monasterii
1511 3934 1697 4009 destituere
1713 3936 1770 4007 vei
1788 3937 1848 4009 in·

438 4058 579 4132 stituere
591 4060 767 4155 aliquibus
779 4062 950 4157 personis,
969 4070 1030 4135 aut
1048 4062 1084 4133 in
1100 4082 1264 4157 personas
1277 4058 1417 4133 easdem
1435 4068 1496 4132 eut
1511 4060 1629 4153 aliqua
1641 4059 1733 4131 bona
1751 4060 1845 4151 ejus·

438 4179 519 4254 dem
537 4183 735 4257 monasterii
756 4204 918 4257 exercere
938 4183 1111 4257 indebitas
1137 4184 1359 4277 exectiones,
1389 4182 1452 4257 sed
1474 4192 1607 4255 tantum
1629 4184 1710 4275 jure
1728 4182 1846 4258 debito

438 4304 533 4398 quod
549 4304 586 4377 in
608 4306 743 4402 vulgari
757 4308 982 4403 Vogetmuete
1001 4308 1129 4383 dicitur
1153 4308 1280 4382 debeat
1298 4329 1374 4381 esse
1391 4316 1590 4397 contentus;
1618 4304 1715 4400 qood
1737 4306 1846 4403 ipsius

438 4430 637 4501 monasterii
661 4430 843 4505 advocatia
867 4452 936 4505 non
954 4430 1078 4507 debeat
1093 4432 1138 4503 eb
1156 4432 1300 4527 imperio
1319 4432 1536 4527 aliquatenus
1552 4428 1696 4502 alienari
1716 4431 1773 4504 rel
1789 4454 1846 4505 se-
1927 4488 1933 4496 .

437 4553 619 4645 questrari.
639 4552 722 4625 Item
744 4554 829 4651 ipsis
849 4564 901 4627 est
920 4576 1121 4629 concessum
1137 4564 1177 4627 ut
1195 4576 1450 4651 quemcumque
1471 4576 1518 4627 ex
1534 4552 1691 4627 officiatis
1712 4555 1846 4653 imperii

438 4674 624 4768 voluerint,
642 4678 708 4750 sibi
723 4678 851 4771 eligant
862 4679 898 4751 in
907 4680 1171 4774 gubemntorem
1185 4690 1219 4753 et
1228 4679 1442 4753 defensorem
1457 4676 1637 4751 advocatie
1648 4681 1845 4753 monasterii

440 4801 636 4891 memorati,
656 4801 752 4897 quod
768 4803 826 4877 ille
839 4824 908 4878 non
923 4804 1048 4878 debeat
1062 4804 1146 4901 ipsis
1163 4804 1197 4875 in
1217 4804 1371 4900 personis
1391 4802 1537 4901 propriis
1562 4812 1622 4876 eut
1637 4803 1847 4897 quibuslibet

538 4922 592 4984 tv.
612 4936 666 4982 rm
679 4940 702 4984 a.
1649 4934 1687 4987 ta
