4859 6359
601 771 662 830 res
1123 762 1295 825 acnnrcr
1320 759 1487 822 snrrrnr
1554 801 1557 807 .
1820 758 1900 843 [nn.
1918 758 2004 822 reas.

603 905 790 978 donatione
805 912 920 976 nostra
936 901 1065 978 audent
1087 902 1157 974 nlla
1178 897 1331 986 conisus
1348 895 1496 972 audacia
1511 893 1733 990 aliquomodo
1756 896 1935 968 molestare
1953 897 2008 970 vel

603 1050 663 1102 eos
679 1028 716 1100 in
726 1028 807 1120 inre
822 1046 887 1100 sno
910 1036 1048 1122 sumpta
1071 1024 1251 1122 ocrpsione
1275 1020 1499 1117 irrationabili
1526 1019 1743 1116 aliqpatenus
1762 1018 1943 1114 impedire.
1965 1021 2009 1108 Ut

604 1160 720 1224 autem
738 1150 803 1224 hec
815 1160 930 1223 nostra
952 1149 1092 1225 donatio
1112 1156 1187 1242 rata
1207 1147 1246 1233 ip
1271 1153 1473 1244 perpetuum
1492 1152 1691 1240 permaneat
1709 1152 1743 1216 et
1769 1141 1931 1218 iratribus
1947 1142 2008 1214 in-

604 1273 786 1364 convulsa,
801 1282 993 1368 presentem
1007 1272 1170 1370 paginam
1191 1269 1242 1343 eis
1263 1267 1353 1342 tradi
1370 1266 1537 1360 jussimus
1552 1266 1664 1361 sigillo
1681 1275 1798 1340 nostro
1814 1275 1849 1340 et
1864 1266 2008 1340 testibus

604 1398 808 1472 roboratam.
1488 1473 1491 1480 ,
1537 1461 1539 1466 ,

651 1519 767 1594 'lestes
782 1528 897 1593 autem
918 1529 1001 1591 sunt
1026 1518 1077 1590 hii
1102 1545 1111 1589 ε
1141 1515 1349 1591 venerabilis
1375 1513 1561 1587 landolfus
1581 1513 1844 1588 Wormaciensis
1859 1514 2005 1604 electus,

604 1647 727 1718 Albero
738 1645 846 1718 abbas
856 1644 945 1717 Novi
955 1645 1062 1717 castri
1080 1641 1148 1740 (o),
1167 1639 1395 1737 'laiginardns
1413 1639 1601 1736 imperialis
1620 1641 1699 1712 aule
1711 1637 2005 1736 prothonotarins,

604 1771 784 1844 lleinricns
802 1771 1040 1864 marcgravius
1054 1768 1099 1843 de
1115 1770 1267 1863 Burgor,
1287 1765 1447 1839 Albertus
1459 1786 1574 1839 comes
1588 1763 1633 1839 de
1644 1763 1867 1851 Hansburch,
1887 1761 2009 1836 Ansel·

603 1917 681 1967 mus
693 1893 739 1967 dc
748 1895 942 1992 Instingen‚
953 1893 1135 1966 Heinricus
1141 1891 1365 1982 camerarius,
1381 1889 1806 1964 Bertholdnsmarclralcns
1820 1887 2005 1979 demine,

602 2018 805 2114 liudolphus
827 2019 873 2091 de
885 2017 1129 2108 Vonenberch,
1148 2016 1329 2089 Heinricus
1346 2037 1461 2088 comes
1479 2014 1524 2088 de
1548 2014 1691 2102 Werde,
1717 2011 1899 2086 Conradns
1917 2013 2007 2087 scol·

602 2153 693 2218 tetus
716 2143 761 2216 de
787 2143 1026 2236 floresbech,
1044 2141 1274 2216 'Eberhardos
1300 2141 1346 2215 de
1363 2140 1681 2234 ‹Hertingesbercm
1717 2137 1933 2216 ltindismnle
1964 2137 2010 2212 de

603 2267 872 2341 Grundisberch.

651 2391 777 2463 Actum
804 2390 900 2485 apnd
920 2390 1143 2482 Hagenowc,
1171 2411 1263 2463 anno
1286 2389 1394 2483 gratie
1421 2387 1545 2462 lt⁰cc⁰
1558 2386 1713 2478 XXXV·‚
1743 2387 1818 2460 Vll⁰
1844 2385 2009 2460 kelandas
2157 2455 2163 2476 x

603 2515 737 2609 aprilis,
754 2513 941 2587 indictione
954 2514 1053 2586 Vlll.

854 2827 1283 2840 *mn—w
1287 2829 1510 2841 u--aa-——n—
1516 2829 1768 2842 m.-

484 3145 499 3174 n
654 3062 917 3212 Hermionam,
937 3107 1047 3211 miles
1075 3108 1123 3190 de
1148 3105 1345 3214 Rietberg,
1362 3105 1618 3190 'donationem
1640 3103 1828 3190 bonorum
1851 3129 2009 3189 suorum

441 3244 450 3294 ¹
602 3239 642 3320 in
660 3239 900 3326 Ulvensheim
917 3239 1096 3322 eeclesiae
1117 3239 1290 3324 Uterinae
1313 3238 1423 3324 vallis
1441 3265 1465 3322 a
1483 3263 1524 3322 se
1549 3238 1689 3332 lactem
1714 3239 1824 3322 tertio
1852 3249 2008 3348 proten-

603 3382 720 3480 tatur,
740 3373 902 3456 llenrico
920 3399 1009 3482 rege
1026 3372 1129 3482 apud
1146 3373 1370 3484 Spigelberg
1386 3383 1583 3485 praesente
1599 3379 1638 3454 et
1658 3372 1925 3456 consentiente.

685 3614 783 3694 (ltdtt.
797 3631 846 3692 ap.
862 3615 1083 3690 Wunnrwns,
1093 3615 1163 3678 Non.
1178 3611 1285 3679 sutem
1300 3613 1432 3698 diplom„
1447 3621 1471 3678 t.
1487 3615 1556 3690 llll,
1572 3634 1604 3696 p.
1620 3621 1701 3692 tto.)

653 3833 727 3924 Ego
742 3833 958 3916 Hermannns
973 3831 1074 3903 miles
1097 3829 1142 3904 de
1164 3831 1320 3905 Rietberc
1337 3832 1497 3904 omnibus
1525 3852 1665 3928 presens
1683 3833 1848 3928 scriptum
1868 3833 2009 3930 inspec-

606 3955 691 4029 turis
709 3965 828 4028 notum
844 3955 934 4027 lacio
946 3954 1041 4049 quod
1065 3955 1157 4028 bona
1174 3977 1252 4028 mea
1271 3955 1307 4027 in
1324 3955 1543 4030 Ulvensheim
1562 3957 1674 4030 taliter
1699 3955 1735 4030 in
1759 3956 2009 4052 possessionem

605 4080 749 4153 ecclesie
767 4079 1019 4152 Uterinevallis
1034 4078 1250 4152 devenerunt
1271 4105 1279 4150 ε
1301 4078 1481 4174 Siquidem
1506 4081 1581 4175 ipsa
1601 4081 1693 4152 bona
1716 4082 1839 4176 partim
1866 4101 1929 4176 pro
1952 4081 2009 4154 XL

606 4204 719 4295 libris,
739 4205 863 4298 partim
878 4225 942 4300 pro
955 4201 1107 4276 remedio
1124 4203 1239 4276 anime
1262 4213 1388 4279 meoet
1404 4224 1558 4278 meorum
1580 4203 1694 4278 eidem
1719 4204 1863 4278 ecclesie
1881 4204 2010 4278 contuli

606 4340 640 4402 et
657 4331 692 4400 in
711 4336 822 4401 castro
838 4349 916 4399 meo
930 4327 1086 4401 llietberc
1101 4328 1352 4401 communicata
1367 4350 1472 4402 manu
1490 4351 1569 4402 curn
1589 4349 1699 4402 uxore
1712 4338 1746 4402 et
1763 4329 1881 4426 pueris
1895 4329 2010 4402 abbati

605 4453 783 4546 Heinrico,
804 4451 967 4524 Alberoni
985 4452 1159 4524 cellerario
1173 4461 1208 4525 et
1223 4451 1396 4526 Gerhardo
1412 4473 1596 4546 converso,
1622 4453 1940 4528 nnlloreclamante
1956 4453 2010 4524 vel

606 4577 877 4668 contradicente,
895 4575 1082 4670 assignavi.
1098 4576 1319 4650 Postmodum
1337 4597 1420 4650 vero
1437 4578 1534 4672 apud
1554 4578 1787 4676 supradictam
1811 4579 1931 4652 villam
1945 4577 2011 4650 lll-

609 4701 786 4773 vensheim
799 4721 915 4772 coram
929 4699 1084 4793 ejusdem
1096 4701 1178 4772 ville
1189 4709 1223 4773 et
1233 4700 1376 4774 aliarum
1386 4699 1617 4794 adjacentium
1630 4703 1789 4775 villarum
1803 4699 2012 4796 quibusdam

651 4892 692 4972 (a)
713 4893 886 4954 Germanice
897 4889 1079 4974 amase.
