4859 6359
404 736 503 796 leuior.
519 736 563 811 1.]
850 732 1049 794 fllsroltls
1072 733 1363 798 nlslolls'rlcs.
1751 733 1812 796 665

404 870 470 943 sibi
486 871 529 942 V.
553 867 687 942 decano
697 868 832 962 totique
845 867 997 964 capitulo
1013 868 1217 941 Goslariensi
1229 869 1373 962 gratiam
1385 891 1485 941 suam
1498 878 1533 942 et
1548 889 1650 942 omne
1662 869 1806 943 bouum.

404 993 505 1080 Quod
518 993 699 1066 ecclesiam
709 1001 858 1066 vestram
869 1003 905 1064 et
916 1012 981 1065 ros
991 992 1083 1066 boue
1098 991 1180 1065 fidei
1196 993 1383 1086 diligamus
1397 993 1537 1085 affectu,
1560 1015 1607 1066 ex
1620 991 1736 1066 studio
1753 1013 1811 1068 vo·

405 1115 543 1190 luntatis
554 1124 670 1188 nosue
680 1115 894 1211 perpendere
905 1115 1061 1210 poteritis
1075 1115 1267 1190 evidenter.
1281 1117 1373 1190 Ecce
1384 1117 1477 1190 enim
1495 1118 1638 1212 gratiam
1654 1139 1675 1190 a
1691 1117 1812 1213 primis

404 1241 547 1314 ecclesie
574 1248 689 1313 vestre
710 1238 954 1312 fundatoribus
977 1238 1080 1312 robis
1104 1241 1230 1313 iactam
1251 1261 1357 1335 super
1383 1240 1544 1312 omnibus
1561 1241 1650 1314 areis
1665 1240 1812 1314 civitatis

405 1363 630 1437 Goslarieusis
647 1370 682 1436 et
698 1362 860 1436 censibus
874 1361 1093 1454 earumdem,
1113 1363 1249 1436 sicutin
1262 1363 1385 1436 vestris
1397 1363 1588 1458 privilegiis
1604 1363 1808 1454 continetur,

405 1487 605 1560 auctoritate
617 1487 714 1578 regia
730 1485 986 1574 confirmantes,
1006 1485 1189 1558 statuimus
1202 1495 1237 1560 et
1258 1487 1431 1560 sancimus
1446 1495 1483 1559 ut
1494 1487 1578 1580 qnia
1595 1486 1715 1560 eedem
1731 1507 1811 1560 aree

404 1612 450 1686 ad
466 1611 645 1685 ecclesiam
663 1619 814 1684 resuam
831 1619 988 1706 spectant
1001 1620 1036 1684 et
1051 1631 1262 1706 possessores
1276 1633 1394 1684 earum
1406 1611 1542 1706 proprie
1551 1611 1672 1684 salutis
1690 1611 1811 1684 imme·

405 1757 519 1810 mores
530 1757 674 1810 censum
691 1733 792 1807 vobis
803 1733 960 1806 debitum
975 1735 1021 1808 de
1036 1733 1168 1808 eisdem
1186 1735 1225 1806 in
1239 1735 1339 1808 certis
1353 1736 1558 1830 pensionum
1575 1733 1730 1808 terminis
1740 1755 1814 1828 per·

405 1860 538 1931 solvere
557 1879 626 1931 uon
650 1865 854 1952 procurant,
882 1857 912 1928 si
933 1857 1012 1952 quis
1034 1858 1186 1930 monitus
1203 1868 1280 1952 post
1297 1857 1413 1932 debite
1436 1857 1616 1930 solutionis
1629 1855 1813 1928 terminum

406 1982 494 2052 iufra
508 2002 664 2054 mensem
681 2001 751 2053 uon
764 1980 968 2076 persolverit
983 2001 1127 2054 censum
1144 2003 1266 2070 suum,
1298 1981 1344 2053 ab
1368 1979 1537 2054 advocato
1559 1979 1620 2074 qui
1642 2000 1704 2073 pro
1719 1987 1814 2050 teru-

407 2125 490 2201 pore
502 2105 606 2176 iuerit
621 2104 822 2178 anctoritate
837 2104 933 2198 regia
948 2104 984 2176 iu
998 2105 1180 2198 sexaginta
1196 2103 1327 2178 solidos
1345 2103 1639 2198 condempnetur,
1665 2123 1813 2196 quorum

406 2227 572 2302 medietas
588 2227 747 2318 ecclesie,
767 2227 901 2319 reliqua
916 2249 1000 2300 vcro
1017 2228 1184 2302 medietas
1200 2227 1285 2301 fisco
1300 2226 1412 2300 cedat.
1428 2225 1483 2302 dd
1496 2227 1561 2299 hec
1578 2225 1608 2298 si
1623 2226 1685 2318 qui
1699 2226 1815 2320 plures

407 2371 506 2422 areas
523 2350 720 2442 redegerint
745 2351 782 2423 in
798 2372 904 2424 uuam
930 2352 988 2424 vel
1015 2351 1100 2424 lorte
1127 2351 1336 2446 redegerunt
1353 2351 1390 2422 iu
1408 2351 1579 2440 futurum,
1606 2347 1651 2422 de
1668 2349 1815 2442 siugulis

406 2473 623 2568 singulariter
638 2472 794 2546 debitum
809 2471 1043 2546 darecensum
1056 2481 1224 2566 cogantur
1236 2495 1298 2568 per
1313 2472 1537 2562 advocatum,
1557 2472 1646 2546 sicut
1657 2473 1816 2568 superius

407 2607 458 2670 est
472 2619 690 2693 expressum.
715 2597 761 2672 Ut
784 2605 900 2671 autem
926 2595 992 2670 bec
1019 2597 1129 2690 gratia
1151 2597 1255 2669 vobis
1280 2598 1369 2670 iactu
1391 2596 1543 2670 debitam
1558 2607 1594 2670 et
1614 2605 1815 2692 perpetuam

407 2721 560 2794 obtineat
585 2718 798 2810 firmitatem,
825 2728 1019 2814 presentem
1044 2719 1209 2815 paginam
1235 2719 1318 2792 inde
1343 2719 1571 2816 conscriptum
1592 2719 1816 2816 impressione

408 2843 512 2936 sigilli
529 2845 635 2918 nostri
648 2843 792 2916 lecimus
801 2843 1020 2916 communiri.

456 2967 582 3040 Actum
610 2966 706 3062 apud
730 2965 975 3058 Aldenburcb,
1002 2986 1095 3038 anuo
1113 2967 1223 3062 gratie
1243 2967 1288 3040 ll.
1306 2965 1370 3040 CC.
1385 2966 1561 3058 XXXllll,
1598 2965 1815 3062 presentibus

408 3091 559 3186 Siglrido
580 3089 838 3186 archiepiscopo
861 3091 1134 3184 bioguutinensi,
1158 3089 1359 3164 burchardo
1375 3090 1484 3164 electo
1501 3089 1811 3184 Magdeburgensi,

408 3214 578 3288 Ekeberto
603 3214 865 3308 Bambergeusi‚
890 3215 1087 3288 Hermanno
1109 3214 1364 3309 Herbipoleusi‚
1389 3215 1606 3306 Eugelhurdo
1626 3213 1814 3288 Nueubur-

408 3339 524 3432 gensi,
543 3336 682 3411 lllrardo
698 3337 973 3432 blersburgensi,
993 3335 1150 3412 (onrado
1166 3337 1424 3432 Osuabrugeusi
1447 3339 1635 3434 episcopis,
1659 3337 1702 3411 A.
1724 3338 1814 3412 duce

408 3464 604 3552 monum,
635 3462 679 3532 ll.
706 3461 831 3534 comite
851 3457 1035 3552 Asobarie,
1060 3461 1100 3533 B.
1135 3461 1325 3554 burgravio
1342 3460 1650 3556 Magdeburgeusi,
1675 3469 1711 3534 et
1736 3460 1813 3534 aliis

407 3585 682 3680 quamplurimis.
1763 3621 1764 3628 κ

456 3711 581 3781 Datum
601 3707 749 3800 ibidem,
769 3708 925 3780 Vnouas
933 3707 1030 3800 julii,
1049 3706 1239 3782 indictione
1253 3707 1327 3780 vll.

459 4270 669 4378 Heminae,
702 4272 960 4358 Romanorum
1001 4299 1090 4378 rex,
1127 4273 1289 4357 Iohanni
1328 4271 1457 4356 abbati
1495 4273 1622 4356 Sancti
1663 4273 1813 4384 Georgii
1856 4297 1977 4406 Μάρκιε

408 4403 749 4516 Nuemburgeusis,
768 4407 818 4489 ad
835 4432 964 4516 preces
981 4406 1246 4516 'lhcgenhardi
1262 4407 1468 4516 imperialis
1495 4407 1605 4490 aulae
1621 4419 1811 4518 protono·
1881 4405 1962 4460 rann.
1982 4381 1988 4404 ¹

407 4535 508 4644 terii,
536 4537 711 4648 indulget
735 4537 955 4622 facultatem
985 4537 1152 4648 eligendi
1183 4539 1408 4622 advocatum
1435 4565 1549 4650 quem
1575 4541 1754 4646 voluerit,
1774 4553 1813 4625 et

409 4669 605 4752 exercendi
623 4669 795 4753 bannum
812 4672 977 4781 regium,
997 4697 1119 4781 quum
1134 4671 1206 4780 ipsi
1233 4684 1270 4754 et
1287 4673 1463 4756 ecclesiae
1480 4672 1562 4784 ejus
1580 4674 1621 4755 id
1638 4673 1810 4758 bannmn

407 4801 594 4907 pertinere
609 4801 711 4884 uelit.

485 4934 541 4997 IV.
561 4951 651 4996 uma
1617 4949 1655 5002 84
