4859 6359
346 761 443 820 lunico
460 759 505 835 ¹l.]
792 755 990 818 lllsloltlrt
1013 754 1307 816 precellentes.
1696 755 1754 820 681

384 1013 528 1111 ammo.)

342 1040 467 1236 Wssgo
481 1135 665 1228 Cunradus
679 1136 867 1232 imperialis
882 1137 963 1212 aule
979 1136 1203 1210 mucellarius
1213 1137 1414 1232 recognovi.

392 1263 479 1336 Acta
493 1272 577 1336 sunt
588 1263 654 1334 bec
668 1269 837 1354 00300010
856 1259 1000 1334 domino
1018 1259 1177 1356 Philippo
1192 1263 1346 1336 secundo
1369 1263 1614 1358 gloriosissimo
1630 1263 1755 1336 110100-

345 1409 467 1462 norum
481 1409 582 1481 rege,
602 1405 696 1458 anuo
711 1384 757 1456 ab
771 1384 1006 1458 incarnatione
1020 1385 1159 1458 Domini
1170 1385 1274 1476 MCC,
1300 1408 1392 1459 anno
1408 1387 1507 1480 003οἰ
1521 1389 1598 1480 ejus
1616 1388 1727 1461 tertio.

357 1573 360 1577 ,
392 1514 517 1586 ilatum
530 1533 593 1606 par
609 1531 734 1584 manus
746 1507 866 1582 Silridi
878 1510 1005 1605 regalis
1019 1512 1098 1584 0010
1110 1510 1376 1605 prothonotarii,
1407 1513 1503 1607 apud
1521 1512 1673 1604 Ulmum,
1695 1513 1755 1585 llll

344 1635 511 1708 kalendas
529 1634 741 1721 decembris,
758 1633 947 1707 indictione
958 1635 1015 1705 lll.

389 1759 460 1830 Nos
474 1759 591 1852 itaque
605 1755 822 1830 attendentes
836 1765 1074 1852 paupertatem
1084 1757 1284 1831 monasterii
1304 1757 1479 1852 prelibati,
1498 1759 1664 1854 prelibato
1675 1781 1753 1856 pre·

343 1883 455 1976 posito
469 1891 505 1954 01
514 1881 677 1954 iratribus
688 1879 832 1953 vivifice
846 1881 965 1953 Crucis
981 1881 1077 1976 apud
1091 1880 1283 1976 Augustam
1296 1881 1542 1976 obligationem
1560 1893 1595 1956 et
1613 1905 1753 1958 conces·

342 2005 474 2078 sionem
487 2007 612 2078 iactam
628 2004 761 2078 eisdem
786 2008 991 2080 auctoritato
1014 2009 1109 2102 003ἰο
1133 2005 1377 2080 confirmamus
1395 2016 1430 2080 01
1455 2008 1621 2104 presentis
1636 2010 1754 2106 scripti

341 2129 533 2224 patrocinio
547 2129 815 2201 communimus.
833 2131 1029 2202 statuentes
1046 2139 1083 2202 ut
1098 2131 1194 2204 nulla
1206 2153 1372 2224 umquam
1387 2133 1686 2226 personabumilis
1696 2134 1753 2206 vel

339 2253 423 2340 alta,
443 2251 673 2325 ecclesiastica
689 2253 745 2327 uel
763 2252 960 2341 mundana,
981 2253 1152 2350 predictos
1171 2253 1384 2351 prepositum
1409 2263 1445 2327 et
1466 2257 1586 2330 fratros
1609 2259 1753 2332 ecclesie

339 2387 517 2470 prenotate
530 2386 705 2471 presumat
719 2399 826 2472 super
838 2377 1049 2469 obligatione
1063 2387 1098 2450 et
1114 2377 1336 2451 concessione
1356 2399 1397 2450 ac
1414 2387 1530 2451 nostra
1549 2377 1751 2472 hujusmodi

340 2499 599 2572 confirmatione
614 2497 672 2572 vel
689 2497 815 2573 audeat
841 2500 1023 2597 impedire.
1045 2501 1147 2586 Quod
1171 2499 1233 2596 qui
1256 2501 1373 2574 lecerit
1394 2501 1666 2598 indignationem
1690 2505 1753 2579 Dei

338 2633 526 2718 nostreque
549 2606 765 2696 celsitudinis
787 2625 1027 2719 grauissimam
1050 2625 1216 2699 offensam
1237 2647 1276 2699 se
1297 2625 1431 2698 noverit
1455 2626 1686 2702 incursurum.
1708 2629 1753 2702 Ut

339 2756 458 2820 autem
475 2769 620 2843 presens
632 2750 761 2844 pagina
778 2746 991 2824 inviolabilis
1002 2761 1242 2840 conservetur,
1263 2749 1374 2848 ipsam
1391 2749 1504 2844 sigillo
1521 2761 1637 2825 nostre
1648 2753 1752 2826 celei·

339 2869 474 2943 tudinis
490 2863 636 2944 fecimus
651 2874 818 2948 roborari.

387 2985 723 3070 Testess'untbiizj..
735 2997 1018 3096 archiepiscopus
1026 2995 1752 3094 maguntinusfflggebenusoabenbergen·

341 3118 408 3208 sis,
426 3119 610 3193 Heinricus
627 3123 829 3196 Ilistetensis
844 3123 1014 3220 episcopi,
1031 3123 1212 3196 Heinricus
1224 3122 1376 3195 murchin
1387 3121 1433 3195 de
1450 3123 1620 3216 Burgove,
1636 3144 1751 3197 cemes

340 3243 457 3337 Egeno
475 3245 520 3317 de
533 3242 703 3341 Vribmg,
723 3269 842 3321 comes
859 3247 1090 3322 llartmunnus
1106 3247 1152 3322 de
1165 3247 1339 3342 Quiburg,
1369 3267 1484 3321 eomes
1499 3245 1689 3322 lluodolius
1706 3249 1751 3324 de

340 3367 627 3462 llaprebtswilar,
649 3370 832 3444 Heinrieus
850 3371 896 3445 de
912 3371 1042 3464 Nilien,
1062 3381 1098 3446 et
1112 3371 1171 3445 ulii
1188 3373 1423 3468 quamplures.

341 3635 381 3684 no
421 3637 544 3687 ammo.

379 3617 574 3810 9101000131
599 3739 664 3812 bec
684 3761 778 3813 0000
799 3740 974 3816 (1οωὶοἰ00
998 3743 1299 3817 incarnationislll.
1316 3743 1379 3818 CC.
1394 3745 1751 3840 1111111111,00300010

340 3859 466 3934 domun
492 3863 676 3952 Heinrieo,
708 3865 960 3960 gloriosissimo
975 3869 1207 3942 Romanorum
1230 3891 1333 3964 0030,
1358 3869 1463 3943 tercio
1481 3869 1647 3945 kalendas
1666 3893 1752 3968 sep-

342 3986 493 4078 lambris,
510 3987 869 4085 indictioneseptima.

386 4111 510 4184 Datum
524 4110 620 4206 apud
630 4113 880 4212 110000οὴ003,
900 4138 1003 4211 anno,
1023 4140 1153 4213 mense,
1173 4117 1360 4193 indictione
1373 4121 1573 4218 prenotatis,
1590 4118 1746 4195 feliciter.

341 4232 460 4308 Amen.

390 4713 598 4825 llenricus,
631 4711 892 4807 Romanorum
923 4749 1009 4834 rex,
1040 4725 1218 4810 Conrado
1245 4727 1419 4836 episcopo
1445 4726 1746 4812 Hildesbemensi
1799 4753 1927 4863 &pp

343 4845 467 4930 scribit
493 4851 688 4958 quomodo
710 4880 860 4964 semper
885 4858 1077 4944 mandatis
1103 4859 1223 4969 putris
1241 4886 1301 4944 sur
1289 4859 1502 4944 obedierit
1522 4871 1560 4944 01
1584 4886 1655 4970 pro
1677 4861 1745 4972 ip·
1780 4822 1944 4918 namna.

415 4983 469 5046 IV·
489 5003 582 5050 rma
1549 5004 1587 5057 86
