4859 6359
666 831 734 891 574-
1185 831 1357 893 ltnltnlct
1383 830 1552 893 salutm
1888 829 1969 914 [ln.
1988 829 2074 891 laea.

668 966 848 1041 exactione
864 974 899 1037 et
920 965 1079 1059 servitio,
1107 964 1265 1040 redditus
1281 968 1316 1039 in
1333 976 1539 1064 perpetmn
1556 965 1733 1063 possideat
1754 965 1956 1059 resignatm
1975 966 2076 1049 Quod

667 1090 697 1163 si
716 1110 879 1186 processu
892 1090 1056 1185 temporis
1069 1090 1215 1186 predicti
1238 1092 1358 1165 fratres
1368 1092 1535 1184 iamdicta
1551 1091 1644 1165 bona
1669 1088 1823 1163 vendere
1841 1112 1905 1163 seu
1925 1090 2077 1164 cambire

669 1213 706 1285 in
722 1236 808 1287 usus
822 1236 903 1287 snos
919 1215 1107 1307 voluerint,
1135 1236 1214 1287 enm
1235 1218 1413 1289 voluntate
1433 1218 1577 1289 fratrum
1591 1212 1758 1311 sepedicti
1770 1214 2003 1288 Reimbetonis
2019 1216 2077 1289 vel

668 1358 904 1411 successorum
930 1360 1071 1413 snorum
1092 1340 1159 1412 hoc
1179 1338 1259 1431 fiat3
1284 1340 1334 1413 ita
1357 1340 1538 1414 dummat
1565 1349 1606 1413 ut
1632 1340 1729 1413 nulla
1750 1339 1886 1413 exactio
1908 1338 2013 1434 hujus
2025 1342 2076 1413 rei

669 1482 773 1534 causa
791 1484 812 1535 a
828 1463 1023 1535 memoratis
1038 1464 1200 1538 iratribus
1215 1464 1261 1538 ab
1277 1464 1395 1559 aliquo
1408 1466 1584 1560 exigatur.
1609 1462 1713 1537 Porro
1729 1464 1760 1537 si
1778 1484 1995 1539 successores
2013 1486 2076 1537 sen

669 1586 789 1657 tratres
808 1586 973 1681 sepedicti
991 1588 1031 1661 li.
1052 1588 1173 1663 eadem
1194 1588 1288 1663 bona
1304 1589 1460 1682 quolibet
1476 1588 1581 1662 medo
1596 1608 1713 1662 emere
1727 1588 1917 1679 vetuerint,
1931 1588 2076 1683 primam

669 1708 868 1782 electionem
880 1711 987 1783 libere
1000 1710 1151 1785 habeant
1165 1710 1192 1808 (l
1203 1714 1228 1805 ).
1244 1713 1288 1784 Et
1301 1734 1347 1785 ne
1361 1713 1541 1787 temeraria
1556 1712 1812 1808 presumptione
1823 1712 1913 1784 hanc
1927 1714 2077 1807 solemp

669 1852 747 1903 nem
766 1833 987 1907 donationem
998 1836 1077 1929 quis
1090 1836 1274 1931 intringere
1286 1846 1480 1932 presumat,
1497 1836 1604 1932 sigilli
1616 1836 1723 1911 nosci
1735 1836 1959 1932 impressione
1975 1836 2076 1910 robo-

667 1976 743 2029 rare
761 1954 991 2030 decrevimus.

719 2079 829 2170 Hujus
855 2080 904 2151 rei
929 2089 1032 2153 testes
1049 2090 1152 2153 sunt:
1170 2081 1320 2155 domnus
1336 2082 1446 2157 abbas
1466 2080 1773 2175 deWalderbaoh,
1803 2135 1813 2153 .
1844 2135 1854 2153 .
1885 2136 1895 2153 .
1926 2135 1936 2153 .
1964 2103 2078 2155 comm

670 2202 715 2277 de
739 2204 915 2277 Stalberch
941 2201 1005 2302 (a),
1033 2226 1147 2278 comes
1173 2205 1368 2279 Fridericus
1399 2206 1444 2280 de
1472 2204 1651 2281 Bicheniin
1683 2204 1750 2302 (t),
1782 2203 1854 2278 duo
1882 2206 2004 2279 tratres
2034 2206 2078 2278 de

671 2327 887 2422 Sparnberch
905 2326 1078 2401 Amoldus
1090 2338 1125 2401 et
1143 2329 1359 2423 liudegerus,
1380 2332 1598 2405 Burmannus
1613 2330 1659 2403 de
1674 2328 1899 2422 Salenberch,
1923 2328 2078 2403 Theode-

669 2450 762 2523 ricus
789 2451 996 2524 camerarius
1022 2452 1066 2525 de
1098 2452 1299 2547 Mnlhnsen,
1329 2454 1511 2527 Heinrions
1533 2452 1579 2528 de
1606 2452 1836 2545 Hebenstein,
1865 2454 2001 2528 Ulricns
2032 2452 2078 2527 de

668 2576 866 2667 Tullestete,
887 2574 958 2649 duo
975 2576 1125 2649 Nothalti
1141 2578 1262 2651 fratres
1273 2576 1438 2653 Albertus
1452 2586 1487 2651 et
1500 2577 1697 2669 Heinricns,
1718 2584 1754 2651 et
1769 2577 2074 2674 aliiquamplures.

716 2700 841 2771 Datum
854 2698 949 2795 apnd
962 2700 1100 2795 ligram,
1117 2722 1207 2775 anno
1222 2701 1466 2776 incarnationis
1477 2700 1614 2775 Domini
1626 2702 1673 2776 ll.
1690 2701 1752 2775 CC.
1767 2701 1906 2794 XXXII,
1919 2700 2079 2776 kalendis

664 2820 759 2915 julii,
782 2821 968 2897 indictione
980 2824 1023 2897 V.

723 3399 937 3508 Hannone,
980 3400 1240 3485 Romanorum
1275 3428 1370 3511 rex,
1408 3406 1685 3489 monasterinm
1718 3406 1768 3489 de
1800 3406 1914 3489 Porta
1949 3403 2078 3511 Coeli,

670 3534 866 3643 quendam
885 3533 1137 3616 Teunenbach
1158 3543 1354 3642 vocatum,
1381 3562 1472 3619 cum
1498 3538 1677 3622 omnibns
1702 3539 1901 3649 mancipiis
1925 3548 1963 3623 et
1978 3564 2079 3648 pes-

672 3665 903 3749 sessionibus
939 3664 1021 3775 ejus
1057 3665 1130 3750 sub
1166 3694 1237 3751 sne
1271 3669 1501 3778 protectione
1530 3670 1686 3780 recipit,
1724 3672 1835 3781 eique
1870 3671 2081 3782 specialiter

671 3799 870 3909 praedium
887 3800 928 3880 in
946 3799 1178 3911 Mundingen
1201 3801 1415 3886 confirmat.

754 4016 855 4094 (Edtd.
877 4014 1018 4091 Macran,
1033 4014 1155 4077 emtus
1170 4032 1269 4090 sema,
1283 4034 1353 4095 pars
1366 4018 1404 4095 1ยน,
1423 4014 1550 4098 nepem.
1565 4016 1704 4102 Beylaqe,
1716 4036 1750 4099 p.
1765 4018 1848 4101 tot.)

706 4204 762 4276 'ln
781 4204 918 4276 nomine
933 4212 1050 4276 sancte
1067 4212 1101 4276 et
1119 4202 1302 4279 individue
1318 4206 1502 4280 Trinitatis.
1520 4206 1687 4282 ilenricus
1705 4205 1778 4301 Vll,
1798 4209 1861 4282 Dei
1883 4210 1991 4304 gratia
2009 4210 2080 4284 llo-

676 4348 857 4400 manornm
868 4348 932 4399 rex
950 4336 985 4457 et
997 4320 1132 4423 semper
1145 4335 1327 4424 augustus.
1344 4330 1384 4402 ln
1398 4340 1582 4428 conspectu
1594 4331 1712 4405 divine
1720 4333 1905 4427 majestatis
1919 4333 1964 4408 de
1980 4332 2080 4427 cnjus

716 4507 757 4579 (a)
779 4504 938 4567 sanavero
951 4474 986 4564 aa
999 4501 1157 4569 sonae.

717 4608 757 4691 (b)
779 4612 894 4673 Scilicet
906 4610 941 4672 da
953 4610 1143 4695 Bcicltlioqm

712 4850 747 4924 (t)
766 4850 795 4907 ld
810 4858 852 4909 est
864 4848 1015 4925 exemploru
1032 4852 1112 4925 hujus
1123 4850 1192 4924 juris
1210 4850 1275 4909 dicti
1285 4853 1472 4926 protimesees,
1487 4852 1523 4911 ad
1537 4854 1614 4929 cnjus
1629 4854 1748 4930 regulam
1762 4812 1974 4916 wnsdmtionem
1988 4857 2082 4915 Fride-

675 4947 802 5005 riciauam
815 4962 896 5022 supa
909 4948 1051 5021 edidimus,
1066 4964 1095 5023 p.
1111 4950 1163 5008 tte
1177 4954 1204 5006 et
1219 4964 1297 5022 seqq.
