4859 6359
675 834 736 899 596
1201 831 1374 893 bubulci
1402 831 1571 893 881³less
1901 835 1983 912 [ilua
2002 836 2087 897 1232

679 968 907 1064 cognovimns
922 968 1094 1041 exrelatu
1109 966 1206 1063 quud
1222 967 1413 1062 prelibatus
1425 967 1610 1062 episcopus
1627 966 1675 1039 ad
1692 980 1938 1043 nocumentum
1955 970 2090 1067 predic·

678 1100 790 1165 torum
810 1091 940 1165 civium
961 1101 1158 1165 nostrornm
1183 1099 1384 1185 magnatum
1406 1110 1449 1163 ac
1477 1090 1646 1165 buenum
1668 1092 1766 1185 regni
1787 1093 1892 1166 vestri
1917 1095 2089 1169 auxilium

677 1217 815 1288 invocet
838 1224 873 1287 et
893 1216 1065 1311 requirat,
1085 1214 1317 1288 sinceritatem
1338 1224 1487 1287 vestram
1503 1236 1666 1310 rogamus
1679 1237 1761 1288 cum
1777 1216 1941 1291 instantia
1956 1228 1993 1291 et
2007 1240 2089 1291 mo-

674 1360 797 1412 nemus
811 1348 983 1433 quatenus
996 1338 1171 1433 sepedicto
1187 1336 1350 1434 episcopo
1368 1347 1487 1411 contra
1505 1360 1569 1412 nos
1585 1348 1621 1411 et
1642 1340 1800 1413 comitem
1823 1341 2025 1414 Beruensem
2046 1363 2088 1414 ac

674 1462 769 1534 ciues
790 1462 960 1535 Metenees
985 1461 1120 1533 nullum
1145 1482 1286 1557 prorsus
1307 1461 1491 1533 consilium
1518 1462 1573 1534 vel
1600 1462 1772 1535 auxilium
1797 1464 2005 1559 impendatis
2027 1474 2087 1537 aut

671 1586 870 1658 bominibus
884 1585 983 1679 regni
999 1584 1103 1659 vestri
1117 1584 1319 1679 impendere
1334 1584 1554 1679 permittatis,
1581 1586 1744 1659 memorie
1765 1597 1881 1661 nostre
1905 1587 2086 1661 salubriter

671 1720 871 1782 reuocantes
889 1709 985 1803 quod
990 1761 1360 1781 ..........

720 1830 870 1931 [lleorics'
883 1834 1072 1907 litterarum
1082 1834 1157 1927 fim'r
1171 1834 1304 1905 omnino
1316 1832 1528 1905 medeatur
1541 1831 1573 1930 (l
1581 1830 1625 1930 ).]

719 1956 808 2042 Quia
822 1957 930 2051 igitur
944 1958 1099 2053 predicto
1109 1957 1184 2052 regi
1199 1957 1317 2029 stricto
1328 1958 1423 2052 pacis
1431 1966 1467 2030 et
1479 1957 1632 2031 amicitie
1647 1956 1764 2031 ledere
1775 1966 1932 2030 tenemur
1942 1957 2082 2046 astricti,

670 2082 773 2155 vobis
789 2083 997 2155 mandamus
1019 2092 1054 2155 et
1078 2082 1278 2155 iuhibemus
1295 2104 1341 2155 ue
1363 2092 1481 2156 contra
1503 2082 1665 2157 eumdem
1683 2104 1801 2177 Qem
1818 2082 1875 2155 vel
1893 2082 2085 2179 predictum

671 2206 830 2279 comitem
856 2208 949 2281 Barri
982 2228 1044 2279 sen
1073 2207 1169 2281 cives
1191 2207 1359 2281 Metouses
1388 2207 1571 2281 consilium
1596 2206 1655 2280 val
1677 2207 1849 2280 auxilium
1879 2206 2086 2303 impendatis

672 2333 836 2429 episcopo
854 2341 1052 2405 memorato.

721 2456 844 2529 Actum
873 2457 969 2553 apud
996 2458 1159 2529 Sanctum
1182 2455 1392 2529 Germanum
1418 2456 1455 2529 iu
1481 2457 1591 2551 tayo,
1625 2476 1717 2529 anuo
1741 2455 1880 2530 Domini
1904 2454 2083 2529 millesimo

673 2581 910 2655 ducentesimo
923 2580 1099 2675 trigesimo
1117 2579 1289 2673 morundo,
1309 2600 1430 2653 meuse
1441 2579 1614 2673 januario.

671 2886 754 2945 modo
768 2885 918 2964 [tierricus]
933 2900 1025 2943 comes
1043 2885 1117 2943 Burri
1132 2886 1290 2961 episcopum
1301 2886 1440 2957 desernit,
1463 2891 1491 2943 et
1502 2885 1637 2944 mediante
1657 2886 1770 2960 pecrrnia
1782 2884 1946 2943 bletensrbus
1954 2899 2022 2957 quos
2034 2884 2083 2941 im·

668 2983 807 3059 pugnabat
824 2982 1011 3040 reconciliatus
1031 2988 1059 3039 et
1078 2982 1118 3040 eis
1138 2983 1301 3053 associatus,
1319 2982 1405 3040 multa
1417 2989 1507 3042 castra
1524 2983 1585 3041 urbi
1600 2982 1735 3040 coenaria
1753 2982 1859 3056 dejecit
1878 2982 2041 3057 Episcopum
2055 2988 2083 3039 et

669 3082 765 3139 ducem
778 3080 941 3138 blattbaeum
952 3086 1077 3153 nepotem
1090 3096 1167 3137 suum
1185 3080 1366 3154 impugnavit,
1382 3081 1469 3138 donec
1478 3081 1532 3138 dux
1547 3082 1606 3155 ipse
1619 3080 1712 3138 relicto
1723 3080 1862 3155 episcopo,
1877 3080 1911 3137 de
1924 3080 2083 3138 necessbde

667 3178 856 3237 reconciliatus
867 3184 911 3235 est
921 3177 1066 3249 avunculo,
1083 3184 1112 3235 et
1124 3179 1162 3235 ita
1176 3178 1264 3237 lectus
1275 3185 1320 3237 est
1330 3178 1458 3237 belensis
1471 3178 1755 3252 adjumentorum.
1768 3180 1957 3249 Tmunrorrr„
1972 3178 2007 3235 ad
2018 3194 2081 3235 aun.

670 3278 756 3347 tzar,
781 3292 825 3349 ap.
841 3276 986 3346 Lutumrz,
1010 3278 1124 3348 Acorea,
1149 3282 1214 3333 tom.
1235 3277 1270 3333 ΙΙ.
1292 3277 1385 3333 Castra
1404 3282 1495 3334 autem
1516 3278 1550 3335 de
1561 3276 1662 3351 quibus
1672 3276 1744 3351 apud
1758 3276 1911 3334 bibericum
1928 3274 2081 3349 mentiofit,

670 3379 748 3430 eraut
760 3372 832 3429 dicta
847 3372 989 3444 Florange,
1012 3372 1105 3446 Virey,
1121 3372 1278 3430 Nanichatel
1299 3380 1327 3429 et
1343 3374 1442 3449 Sancy.
1461 3374 1544 3432 Paulo
1565 3380 1627 3449 post
1647 3374 1702 3431 dux
1724 3372 1924 3446 Lutbaringiae,
1946 3372 2084 3429 barrensis

670 3484 762 3527 comes
777 3476 805 3527 et
822 3470 957 3527 bleteuscs
970 3470 1127 3527 coadunatis
1147 3470 1249 3528 viribus
1266 3479 1385 3527 castrum
1399 3471 1488 3528 Sancti
1501 3471 1630 3529 Germani
1643 3472 1671 3529 vi
1686 3476 1826 3546 ceperunt.
1838 3470 1912 3529 Bello
1926 3476 2016 3527 amen
2029 3486 2082 3543 quo

669 3567 772 3624 amaru
791 3548 883 3640 laea
896 3566 1146 3638 temerassent,
1160 3567 1305 3626 finicenae
1322 3570 1392 3627 rasi
1406 3568 1532 3642 imposita
1543 3575 1594 3627 aa.
1609 3568 1650 3626 cr.
1664 3570 1828 3640 uncum,
1842 3568 1916 3625 nae.
1928 3566 1961 3625 a
1973 3568 2040 3636 aar,
2054 3572 2083 3624 a

670 3665 746 3723 litet.
761 3661 793 3720 de
807 3664 878 3722 bleta
886 3680 942 3739 par
955 3664 1000 3722 des
1011 3665 1090 3739 relig.
1108 3664 1279 3734 benedictina,
1291 3670 1312 3723 t
1325 3666 1372 3737 ΙΙΙ,
1385 3665 1495 3739 passim

707 3761 742 3834 (t)
761 3760 849 3831 Quum
861 3761 888 3819 iu
903 3762 980 3836 copia
992 3762 1036 3820 bic
1049 3762 1152 3836 legatur
1167 3784 1180 3817 α
1197 3762 1306 3821 decbird
1318 3778 1367 3821 sur
1382 3762 1527 3837 l’origiuel,
1543 3780 1654 3838 »pauca
1671 3764 1814 3823 admodum
1832 3779 1897 3839 spes
1911 3769 2033 3821 remanet
2048 3762 2083 3821 de

669 3860 836 3935 reperiendis
855 3859 962 3918 aliunde
981 3860 1175 3933 chronologicis
1186 3861 1267 3919 uotis.
1282 3862 1397 3919 Litoeres
1415 3868 1504 3919 brnen
1519 3862 1590 3919 circa
1601 3879 1701 3921 anuum
1714 3866 1784 3920 ⁴232
1802 3868 1959 3933 exeuntem,
1974 3865 2033 3917 tum
2048 3876 2082 3917 ex

669 3972 759 4017 rerum
777 3957 864 4027 serie,
878 3964 936 4014 tum
954 3974 988 4015 ex
1003 3958 1062 4033 ipso
1085 3958 1213 4017 Ludovici
1232 3960 1296 4017 noni
1315 3960 1458 4032 mandato,
1480 3977 1534 4018 uon
1553 3960 1645 4035 inepte
1664 3960 1832 4036 reponendas
1851 3974 1911 4017 esse
1928 3974 2079 4016 censemus.

667 4054 819 4115 Luduricus
839 4056 921 4126 euim,
937 4072 1008 4115 anno
1025 4063 1117 4116 nostra
1132 4057 1330 4131 computatione
1342 4060 1411 4117 ⁴233
1425 4058 1543 4129 menum,
1558 4058 1631 4134 apud
1646 4058 1775 4117 Sanctum
1790 4057 1955 4115 Germanm
1967 4058 1996 4113 in
2009 4056 2082 4131 Lapa

669 4168 765 4211 revera
779 4153 944 4213 morabatur.
