4859 6359
603 774 665 838 aaa
1101 776 1316 838 unrnunrcr
1340 775 1513 837 sncuunr
1826 772 1906 851 [aas.
1924 772 2011 834 tun

604 906 688 1015 ipso
716 905 970 1015 supplicasse,
999 907 1112 988 etde
1143 908 1330 993 solutione
1356 906 1574 1017 quindecim
1602 903 1768 987 millium
1794 928 2009 986 marcarum

604 1038 645 1119 in
663 1038 804 1148 quibus
821 1038 1039 1147 imperatori
1057 1050 1206 1123 tenetur
1223 1040 1397 1123 inducias
1415 1038 1487 1121 sibi
1505 1037 1659 1120 concedi
1677 1036 1782 1144 petit.

686 1280 780 1355 (Edit.
795 1298 844 1357 ap.
859 1281 987 1360 Ruunt,
1000 1278 1129 1341 Fouleru
1141 1288 1169 1342 ct
1180 1287 1324 1356 ouuucut,
1339 1286 1363 1342 t.
1377 1280 1403 1355 1,
1418 1296 1450 1357 p.
1467 1277 1549 1357 ²²8.)

651 1492 875 1565 serenissimo
892 1492 1039 1587 principi
1055 1493 1149 1565 tratri
1167 1492 1346 1565 karissimo
1370 1490 1569 1581 Fraderico,
1589 1491 1651 1562 Dei
1670 1489 1779 1583 gratia
1798 1486 1920 1559 illustri
1937 1487 2007 1559 no-

602 1635 781 1686 manorum
793 1614 1286 1710 imperatori‚etc.‚llenricus,
1297 1614 1419 1687 eadem
1429 1614 1550 1707 gratia,
1567 1623 1649 1701 eto,
1661 1612 1805 1684 salutem
1817 1621 1851 1683 et
1862 1610 2007 1683 deside-

600 1748 674 1812 rata
689 1738 842 1832 gaudere
854 1738 1012 1811 victoria.
1032 1738 1173 1825 Litteras
1186 1737 1374 1833 imperialis
1389 1737 1591 1811 excellentie
1608 1736 1708 1809 nobis
1726 1756 1787 1830 per
1800 1732 2006 1807 advocatum

602 1863 648 1936 da
670 1862 889 1956 Aquisgrano
916 1862 1132 1934 transmissas
1155 1883 1234 1933 cum
1256 1884 1325 1955 qua
1348 1860 1465 1935 decuit
1488 1860 1682 1933 reverantia
1705 1860 1773 1931 leta
1795 1857 2002 1951 recepimus3

601 1986 664 2059 sed
686 1987 858 2058 intellecta
880 2008 942 2080 per
962 1984 1101 2057 easdem
1124 1986 1382 2081 attemptatione
1403 1984 1673 2057 bombardorum
1694 1981 1869 2077 inopinata
1887 1991 2007 2053 eontra

599 2111 811 2201 majestatem
842 2108 1058 2181 celsitudinis
1088 2118 1202 2181 vestre
1235 2109 1281 2181 ita
1315 2092 1543 2181 irreverenter
1571 2107 1786 2195 machinata,
1811 2127 1889 2178 eam
1916 2126 2005 2199 equo

600 2233 716 2304 animo
742 2234 830 2304 terre
848 2252 916 2303 non
943 2232 1143 2304 valuimus:
1164 2231 1210 2304 ad
1237 2254 1342 2326 quam
1370 2231 1615 2305 vindicandam
1643 2232 1671 2303 si
1697 2231 1932 2303 sufficeremus
1956 2230 2006 2299 li-

599 2356 720 2428 benter
732 2376 795 2429 uos
807 2355 1079 2449 accingeremus,
1098 2364 1212 2427 vestra
1228 2354 1429 2446 gravamina
1443 2377 1512 2428 non
1527 2363 1737 2451 reputantes,
1757 2354 1845 2425 sicut
1863 2374 1927 2424 uec
1944 2351 2005 2424 de·

591 2480 740 2569 bemus,
757 2500 778 2550 a
797 2478 922 2550 nostris
937 2479 1061 2551 aliena.
1081 2480 1237 2551 Paratum
1254 2478 1395 2572 quidem
1414 2478 1579 2551 habentes
1600 2479 1810 2551 voluntatem
1824 2477 1861 2547 in
1878 2476 2005 2569 quibus

599 2624 783 2697 possumus
798 2603 922 2674 vestris
939 2602 1111 2675 mandatis
1125 2603 1379 2699 obtemperare,
1403 2602 1546 2675 dilectos
1561 2612 1596 2675 et
1614 2602 1733 2675 fideles
1754 2610 1886 2673 nostros
1899 2603 1939 2672 B.
1960 2602 2004 2674 de

600 2727 669 2798 Ver
684 2724 734 2823 (t)
754 2726 956 2799 familiarem
983 2727 1125 2799 militem
1149 2737 1305 2799 nostrum
1332 2737 1367 2799 et
1391 2726 1665 2799 bartholomeum
1690 2725 1779 2799 Pecb
1803 2725 2003 2797 hostiarium

600 2872 736 2923 camere
752 2860 866 2922 nostre
888 2871 951 2944 pru
970 2860 1067 2945 parte
1088 2859 1202 2923 nostra
1227 2850 1272 2924 ad
1289 2850 1468 2923 dominnm
1491 2872 1616 2945 papam
1638 2850 1805 2923 duximus
1831 2850 2002 2921 transmit·

603 2974 737 3066 tendos,
755 2975 989 3069 supplicantes
1005 2996 1068 3069 per
1082 2976 1211 3047 litteras
1227 2984 1361 3048 nostras
1374 2996 1437 3070 pro
1453 2975 1552 3048 vobis
1570 2976 1696 3064 eidem,
1713 2973 1775 3047 sed
1793 2984 1828 3047 et
1842 2973 2005 3047 cardina-

601 3098 693 3169 libus
714 3096 835 3170 amicis
853 3098 978 3171 nostris
1003 3098 1158 3172 decuria
1176 3100 1404 3194 specialibus,
1427 3100 1505 3173 licet
1523 3099 1605 3172 iude
1628 3098 1829 3171 mandatum
1851 3107 2003 3170 vestrum

601 3242 671 3293 uon
690 3221 955 3315 susciperemus,
973 3244 1121 3317 quarum
1140 3224 1342 3317 transcripta
1355 3224 1542 3297 litterarum
1560 3224 1612 3320 (2)
1629 3223 1751 3317 prelati
1769 3222 1881 3293 nuntii
1899 3222 2005 3295 nostri

602 3344 703 3416 vobis
734 3345 961 3417 exhibebunt.
991 3347 1164 3419 Mittemns
1189 3347 1360 3441 siquidem
1392 3348 1493 3420 vobis
1524 3367 1585 3441 per
1610 3344 1770 3419 eumdem
1799 3343 2005 3417 advocatum

601 3467 756 3561 quinque
774 3467 881 3540 millia
898 3489 1088 3541 marcarum
1103 3470 1139 3541 in
1157 3470 1286 3564 quihus
1301 3470 1506 3543 excellentia
1519 3478 1632 3543 vestra
1650 3469 1853 3541 tenebamur
1873 3467 1918 3541 de
1938 3478 2005 3541 ter·

602 3590 697 3662 mino
713 3590 841 3664 Pascbe
857 3592 1015 3687 proximo
1032 3593 1210 3687 preterito,
1229 3604 1264 3667 et
1281 3594 1331 3665 sic
1344 3593 1388 3667 de
1404 3594 1501 3665 XXX
1518 3593 1671 3664 millibus
1697 3592 1820 3665 marcis
1841 3592 2006 3665 solvimus

601 3715 701 3787 vobis
716 3714 917 3808 quindecim
935 3716 1057 3807 millia;
1074 3716 1328 3809 magnificentie
1344 3726 1458 3789 vestre
1479 3716 1710 3813 supplicantes
1726 3715 1901 3801 attentius,
1917 3714 2007 3787 sicut

602 3838 687 3910 alias
711 3838 871 3926 fecimus,
891 3848 1063 3933 patenas
1087 3840 1133 3913 de
1154 3839 1305 3912 residuis
1321 3842 1382 3915 XV
1403 3841 1555 3913 millibus
1574 3860 1765 3912 marcarum
1785 3840 1885 3911 talem
1908 3838 2007 3911 nobis

602 3970 793 4055 respectum
807 3962 995 4035 concedere
1013 3964 1126 4035 velitis
1141 3972 1180 4033 ut
1197 3964 1352 4058 quinque
1369 3964 1463 4035 milia
1482 3964 1583 4039 vobis
1600 3963 1645 4035 ad
1663 3963 1860 4057 proximum
1881 3964 2006 4033 festum

602 4086 710 4159 sancti
719 4086 896 4159 Michaelis
907 4086 1022 4160 debita
1035 4086 1220 4161 reddantur
1233 4086 1278 4161 ad
1289 4088 1420 4161 Pascha
1430 4087 1759 4185 proximosequens,
1773 4094 1808 4159 et
1821 4086 1941 4159 ultima
1953 4106 2007 4157 re·

639 4412 676 4486 (tl
695 4413 773 4470 Hunc
786 4412 973 4471 balduvinum
988 4412 1020 4469 de
1035 4415 1102 4469 Voir
1114 4414 1266 4471 Matthaeus
1281 4414 1437 4472 Parisiensis
1449 4420 1542 4484 vocat,
1555 4413 1590 4470 da
1601 4412 1678 4485 cujus
1691 4410 1726 4469 ad
1740 4410 1930 4483 imperatorem
1943 4410 2007 4467 mis·

601 4508 676 4567 done
689 4509 774 4567 insius
783 4508 846 4583 agit,
859 4511 963 4567 Hister.
978 4510 1045 4583 moi.
1058 4510 1181 4583 Astylon,
1196 4528 1224 4585 p.
1237 4514 1300 4581 296,
1314 4512 1376 4567 297.

638 4605 674 4679 (ἰ)
692 4606 748 4663 Eae
764 4606 862 4663 adsunt
877 4607 956 4681 paulo
970 4606 1039 4664 intra
1053 4622 1098 4680 ap.
1113 4606 1213 4681 ayma
1226 4606 1330 4664 litterae
1348 4608 1418 4680 regis
1431 4606 1541 4680 Angliaa
1554 4606 1640 4680 pridie
1653 4604 1769 4677 scriptae
1781 4602 1814 4658 ad
1824 4616 1920 4675 papam
1933 4606 1961 4657 et
1973 4600 2007 4655 ad

603 4704 753 4761 cardinales
766 4705 792 4760 l.
804 4705 874 4761 tituli
883 4712 993 4763 mactae
1005 4705 1142 4775 Praxadis,
1155 4706 1179 4761 l.
1192 4704 1367 4763 sabinensem
1384 4704 1548 4777 episcopum,
1563 4704 1593 4761 ll.
1606 4702 1675 4759 tituli
1687 4707 1842 4759 sauctorum
1857 4697 1969 4757 Cosmae
1979 4702 2008 4752 et

602 4800 775 4871 nomionis.
793 4801 862 4857 tituli
877 4801 962 4861 sancti
973 4801 1147 4875 laurentiitin
1161 4802 1276 4875 Lucina,
1290 4802 1322 4859 u.
1336 4808 1444 4859 mactae
1455 4800 1555 4859 llariaa
1566 4800 1594 4856 in
1607 4799 1748 4858 cosmedin
1758 4804 1786 4854 et
1798 4796 1833 4853 ad
1844 4792 2007 4853 cardinalem

602 4900 713 4956 modae
725 4895 849 4956 Sabinae.
