4859 6359
422 801 518 859 lrrnrcr.
533 795 576 879 8.]
870 793 1070 854 tttstottttt
1094 789 1387 852 utvnottltvtctt.
1772 787 1827 850 'tlt

423 942 540 1005 contm
557 942 825 1026 baumesscres
840 950 1014 1004 sacrarum
1041 927 1323 1000 constitutionum
1345 923 1456 1014 edita,
1477 931 1579 1017 prout
1602 922 1728 995 violate
1748 944 1829 998 ma·

419 1055 552 1147 jestatis
566 1054 676 1128 decus
691 1064 727 1128 et
742 1053 891 1126 facilitas
908 1053 1019 1146 exigit
1030 1049 1273 1144 delinquentis.

470 1182 507 1251 l.
532 1181 581 1252 ilc
598 1179 824 1250 ecclesiasticis
843 1176 1009 1249 sententias
1033 1177 1072 1246 io
1090 1175 1201 1246 coecis
1223 1171 1452 1267 spiritualibus
1472 1171 1689 1244 cimmeriis.
1705 1169 1828 1245 Liber·

423 1309 509 1374 tates
527 1301 751 1374 ecclesiarum
776 1310 811 1372 et
830 1302 909 1392 jura
933 1309 1029 1372 tanto
1048 1298 1224 1370 liberalius
1239 1305 1356 1370 nostra
1381 1295 1483 1368 debet
1507 1297 1624 1368 lovere
1647 1296 1826 1368 clementia

421 1433 550 1517 quanto
563 1423 725 1496 devotius
742 1423 843 1496 nobis
857 1423 904 1496 ab
918 1423 1048 1496 eisdem
1070 1432 1105 1494 et
1129 1443 1249 1494 earum
1270 1420 1460 1493 rectoribus
1480 1420 1515 1490 iu
1539 1420 1775 1514 spiritualibus
1791 1429 1825 1492 et

423 1548 668 1642 temporalibus
686 1547 873 1620 servicium
897 1547 1092 1620 exhibetur.
1125 1546 1315 1617 Statuimus
1333 1544 1439 1637 igitur
1460 1543 1602 1616 firmiter
1616 1553 1650 1616 et
1675 1544 1826 1616 districte

423 1671 629 1765 precipimus
648 1683 687 1744 ut
708 1673 745 1743 in
764 1671 982 1761 civitatibus,
1001 1669 1134 1764 opidis,
1155 1669 1248 1742 villis
1265 1678 1300 1742 et
1324 1667 1488 1741 omnibns
1506 1667 1591 1739 locis
1614 1667 1701 1740 sacri
1720 1667 1825 1740 nostri

424 1794 574 1888 imperii,
591 1796 831 1890 episcoporum
851 1804 887 1868 ct
900 1792 1221 1868 archidiaconorum
1237 1791 1466 1883 jurisdictioni
1488 1791 1604 1863 nullus
1621 1791 1747 1882 injuste
1762 1814 1825 1865 re-

422 1917 533 2006 sistat,
549 1919 613 1991 sed
630 1940 750 1992 eornm
775 1919 1008 1993 ordinationes
1030 1925 1066 1990 et
1084 1918 1180 2009 juste
1199 1916 1368 1989 sentence
1394 1915 1430 1986 in
1453 1915 1567 1988 causis
1588 1915 1826 1990 ecclesiasticis

422 2041 656 2115 observentur.

429 2217 432 2220 -
469 2165 504 2236 2.
532 2167 581 2236 Dc
592 2165 759 2237 advocetis
773 2165 994 2237 ecclesianam.
1015 2163 1207 2237 Statuimns
1224 2163 1365 2258 insuper
1381 2172 1415 2234 et
1433 2162 1584 2238 districte
1604 2165 1769 2257 jubemus
1788 2177 1825 2240 nt

421 2311 539 2362 omnes
549 2289 771 2364 ecclesiarum
795 2290 956 2365 advocati
977 2287 1124 2363 fideliter
1143 2309 1203 2362 eas
1225 2309 1289 2382 pro
1312 2287 1447 2360 viribus
1461 2297 1496 2360 et
1507 2310 1607 2383 poseo
1621 2312 1685 2363 suo
1703 2291 1825 2364 delen-

421 2415 521 2503 dnnt,
547 2417 637 2489 sicut
654 2417 810 2490 divinam
828 2415 973 2509 gratiam
985 2424 1021 2487 et
1037 2424 1191 2486 nostrum
1205 2411 1356 2504 diligunt
1373 2413 1537 2486 favorem.
1557 2414 1595 2485 ln
1611 2413 1824 2487 honisetiam

413 2539 675 2612 advocatiarum
693 2562 836 2612 suarum
855 2541 902 2612 ita
917 2561 956 2612 se
972 2538 1195 2612 rationabiles
1212 2548 1247 2610 et
1262 2536 1435 2610 modestos
1449 2537 1636 2610 exhibeant
1649 2539 1744 2612 ulad
1762 2561 1824 2612 nos

413 2663 465 2735 de
482 2664 566 2757 ipsis
581 2663 698 2757 gravis
710 2663 849 2756 querela
864 2684 934 2735 non
953 2662 1089 2750 veniat,
1109 2661 1276 2754 alioquin,
1291 2659 1337 2732 ad
1355 2661 1620 2736 satisfactionem
1638 2664 1822 2755 querelan-

411 2787 505 2858 tium
532 2786 687 2882 deipsis
712 2807 890 2860 sumemus
913 2795 953 2858 ut
971 2795 1025 2859 est
1039 2787 1174 2878 justum
1200 2783 1352 2857 debitam
1380 2785 1554 2857 ultionem.
1578 2786 1732 2858 Preterca
1755 2788 1822 2860 sub

405 2911 559 2985 obtentu
577 2913 687 3004 gratie
703 2920 818 2984 nostre
834 2922 870 2984 et
884 2911 1020 3007 imperii
1035 2911 1177 2983 firmiter
1187 2910 1385 2982 inhibemus
1399 2930 1442 2980 ne
1455 2909 1535 3004 quis
1549 2920 1824 3005 propterquam-

407 3057 569 3129 cumque
593 3035 752 3130 culpam,
771 3035 928 3108 debitum
950 3035 1006 3108 vel
1028 3055 1187 3129 guerram
1208 3033 1471 3121 advocatorum,
1495 3033 1585 3105 bona
1603 3034 1822 3108 ecclesiarum

404 3157 561 3232 invadat
577 3160 635 3232 vel
649 3159 807 3253 pignoret
825 3159 880 3232 vel
893 3157 1064 3232 incendiis
1078 3156 1299 3252 dampnihcet
1313 3167 1374 3228 aut
1387 3157 1528 3253 rapinis.
1539 3157 1640 3242 Quod
1651 3156 1819 3251 silecerit,

400 3283 596 3354 convictus
612 3283 766 3376 legitime
782 3303 971 3356 ooramsuo
982 3281 1116 3374 judico,
1136 3282 1381 3376 proscribatur,
1397 3302 1462 3353 nec
1475 3282 1675 3376 proscriptio
1690 3283 1823 3356 relaxs-

398 3417 474 3478 tur
489 3407 559 3478 nisi
576 3407 717 3501 triplum
734 3406 877 3501 dampni
900 3407 1115 3502 persolvatur
1137 3405 1242 3496 illati,
1271 3404 1418 3500 duplum
1440 3403 1584 3477 ecclesie
1609 3407 1710 3496 cujus
1732 3407 1823 3481 bona

394 3537 498 3602 snut
515 3538 550 3600 et
567 3529 730 3623 simplum
746 3528 930 3603 advocato.

465 3655 502 3724 3.
530 3655 578 3723 Dc
597 3654 731 3747 troops.
757 3654 882 3749 Sepias
912 3652 1038 3727 accidit
1060 3662 1100 3724 ut
1125 3652 1305 3747 presertim
1330 3651 1418 3724 inter
1443 3652 1608 3726 militares
1631 3653 1725 3728 viros
1747 3665 1821 3728 orta

387 3778 588 3851 contentio
601 3787 801 3870 treugarum
814 3778 1072 3872 interpositione
1083 3798 1147 3872 por
1158 3774 1379 3870 obligationis
1391 3776 1571 3848 vinculum
1587 3779 1817 3873 conquiescat.

386 3901 505 3987 Quia
517 3899 613 3995 qnod
627 3923 674 3974 ex
689 3901 852 3973 humanis
860 3901 1033 3974 erroribus
1044 3921 1107 3996 per
1121 3909 1291 3973 momenta
1300 3899 1523 3988 subtrahitur,
1537 3901 1603 3974 nisi
1615 3905 1722 3976 nexui
1734 3925 1822 3999 pene

379 4027 594 4118 subjaceat
616 4026 653 4097 in
676 4025 864 4120 perniciem
890 4025 1068 4118 pristinam
1093 4022 1283 4114 recidivat,
1309 4023 1450 4097 tirmiter
1473 4025 1579 4119 igitur
1605 4036 1640 4098 et
1668 4026 1822 4101 districte

381 4149 625 4244 precipimus
648 4159 687 4220 ut
709 4149 740 4220 si
763 4148 848 4220 isin
860 4169 932 4242 quo
950 4157 1070 4241 treuge
1089 4149 1214 4220 violate
1231 4159 1329 4238 sunt,
1351 4171 1429 4220 cum
1443 4171 1486 4222 eo
1506 4149 1542 4220 in
1561 4151 1661 4240 cujus
1680 4171 1819 4223 manum

378 4271 582 4366 promisse
597 4272 737 4344 luerunt
749 4279 785 4343 st
800 4269 940 4344 duobus
956 4269 1034 4342 aliis
1050 4269 1275 4364 synodalibus
1289 4271 1374 4342 viris
1389 4272 1513 4364 integri
1530 4281 1639 4344 status
1655 4271 1699 4345 de
1713 4273 1819 4346 viola·

382 4396 507 4468 tione
534 4404 733 4488 treugarum
753 4413 868 4466 coram
891 4391 1012 4486 judice
1035 4414 1100 4465 suo
1120 4414 1181 4488 per
1203 4403 1416 4466 sacramenta
1442 4394 1654 4488 probaverit,
1675 4395 1821 4470 violator

382 4519 647 4613 proscribatur
671 4538 737 4590 nec
764 4537 917 4611 unquam
939 4517 1137 4590 absolvatur
1157 4539 1179 4590 a
1204 4517 1448 4612 proscriptione
1472 4525 1584 4613 preter
1610 4520 1820 4594 volunlatem

384 4641 538 4716 actoris
552 4641 608 4714 vel
624 4661 765 4712 manum
786 4638 920 4735 perdat.
937 4640 975 4712 Si
992 4659 1076 4712 vero
1094 4639 1126 4712 is
1142 4639 1178 4710 in
1196 4641 1296 4732 cujus
1319 4661 1457 4712 manum
1476 4651 1594 4732 treuge
1615 4640 1694 4715 date
1711 4653 1816 4735 sunt,

396 4764 564 4837 moluerit
585 4763 723 4836 veritati
748 4763 981 4836 testimonium
1000 4763 1196 4858 perhibere,
1217 4773 1396 4858 cogatura
1417 4765 1555 4856 judice,
1575 4766 1642 4838 nisi
1667 4765 1819 4844 declaret

394 4906 512 4962 suam
526 4887 757 4982 ignorantiam
770 4895 1005 4972 sacramento;
1033 4887 1185 4982 alioquin
1202 4889 1380 4962 convictus
1396 4911 1536 4964 manum
1554 4892 1699 4965 amittat.
1716 4892 1819 4979 Quod
