4859 6359
423 779 522 842 lrurcr.
541 777 586 858 9.]
872 777 1069 840 HISTORIA
1093 778 1388 843 otrtottnrtcn.
1774 779 1835 841 817

422 914 562 1010 piantur
575 912 701 986 amodo
719 913 756 984 in
774 911 912 986 civitate
926 923 960 986 et
978 913 1099 1008 burgis
1117 915 1273 1008 ejusdem
1293 913 1445 1009 episcopi
1462 922 1497 984 et
1515 911 1660 984 ecclesie
1681 931 1745 983 sne
1767 933 1832 1006 pro

424 1036 574 1110 civibus.
599 1037 761 1109 Similiter
778 1034 934 1110 hbmines
950 1038 1106 1130 ejusdem
1121 1039 1271 1134 episcopi
1289 1049 1324 1111 et
1341 1037 1483 1110 ecclesie
1498 1057 1573 1126 sue,
1591 1034 1832 1108 ministeriales

425 1160 481 1231 sui
498 1169 532 1233 et
549 1160 705 1231 homines
719 1179 839 1232 eornm
858 1179 927 1231 non
945 1161 1154 1256 recipiantur
1179 1161 1214 1232 in
1235 1161 1355 1252 burgis
1371 1159 1495 1232 nostris
1516 1168 1551 1231 et
1568 1157 1734 1231 heredum
1751 1181 1833 1233 nos·

426 1291 555 1356 trorum
574 1304 637 1380 pro
654 1283 790 1355 civibus
808 1303 828 1355 e
846 1303 1024 1356 converso.
1045 1284 1079 1354 Si
1097 1305 1179 1357 vero
1198 1283 1305 1378 aliqui
1322 1282 1452 1354 suntin
1467 1281 1588 1374 burgis
1602 1283 1727 1353 nostris
1748 1282 1835 1354 resi·

426 1405 545 1478 dentes
560 1428 648 1501 qnos
662 1405 881 1478 residentiam
899 1406 1096 1478 continuam
1115 1416 1149 1480 et
1164 1408 1380 1479 mansionem
1396 1415 1523 1478 certam
1541 1425 1636 1477 more
1653 1405 1782 1478 civium
1794 1407 1833 1477 in

424 1529 546 1622 burgis
563 1529 646 1624 ipsis
662 1527 813 1602 tenuisse
827 1529 1025 1620 constiterit,
1039 1531 1138 1602 nobis
1147 1531 1383 1626 relinquentur
1395 1528 1537 1619 ibidem,
1548 1529 1597 1600 ita
1613 1538 1725 1601 tamen
1736 1531 1834 1624 qnod

427 1651 472 1724 de
488 1653 588 1724 bonis
598 1660 697 1725 extra
705 1652 900 1745 jacentibus
919 1651 1060 1726 domino
1077 1651 1161 1725 ville
1175 1653 1210 1724 in
1229 1653 1375 1748 quesita
1391 1666 1473 1724 sunt
1489 1652 1621 1724 ratione
1634 1653 1739 1725 banni
1752 1675 1833 1726 cnm

427 1775 631 1849 convillanis
647 1775 721 1848 suis
738 1775 773 1846 in
793 1777 1012 1869 generalibus
1031 1777 1180 1849 collectis
1196 1776 1325 1848 servire
1341 1785 1539 1866 teneantur,
1559 1784 1594 1848 et
1608 1775 1700 1848 idem
1712 1775 1834 1848 bomi-

427 1899 531 1970 nibus
549 1897 704 1991 ejusdem
723 1899 876 1994 episcopi
903 1908 937 1971 et
964 1901 1109 1972 ecclesie
1133 1922 1195 1972 sue
1212 1899 1465 1973 observabitur.
1493 1900 1576 1971 Item
1597 1899 1837 1974 ministeriales

427 2043 490 2094 seu
503 2022 661 2094 homines
674 2019 828 2115 ejusdem
847 2023 1000 2118 episcopi
1020 2033 1054 2095 et
1065 2023 1207 2096 ecclesie
1225 2045 1289 2096 sue
1302 2045 1370 2095 non
1387 2022 1636 2095 convenientur
1650 2024 1707 2094 vel
1724 2024 1837 2118 impe·

429 2156 543 2219 tantur
559 2169 580 2218 a
597 2147 814 2218 consortibus
827 2131 1031 2219 suis‘coram
1048 2147 1201 2219 scultetis
1218 2147 1439 2219 etadvocatis
1454 2147 1596 2237 nostris,
1614 2146 1680 2218 nisi
1696 2169 1752 2220 res
1766 2147 1836 2218 liti·

428 2270 524 2364 giose
542 2269 661 2342 sintin
678 2267 890 2342 districtibus
906 2269 1119 2360 eorumdem,
1141 2292 1205 2342 nec
1222 2269 1460 2341 ministeriales
1477 2277 1538 2341 ant
1555 2270 1711 2342 homines
1728 2271 1837 2342 nostri

429 2393 676 2466 convenientur
702 2413 817 2466 coram
847 2393 1023 2488 episcopo,
1049 2393 1202 2465 scultetis
1219 2394 1275 2466 vel
1292 2393 1468 2466 advocatis
1489 2393 1562 2465 snis
1582 2415 1604 2465 a
1621 2394 1837 2467 consortibus

428 2538 563 2606 eornm,
573 2516 640 2588 nisi
650 2537 704 2588 res
718 2515 864 2610 litigiose
875 2515 942 2588 sint
957 2516 993 2586 in
1007 2516 1162 2589 districtu
1175 2538 1239 2589 suo
1253 2517 1418 2610 corporali
1436 2525 1471 2588 et
1481 2516 1624 2589 ecclesie
1639 2518 1839 2589 sue.0mni·

430 2639 496 2712 bus
507 2639 821 2712 illisnichilominus
834 2640 894 2734 qui
910 2639 1133 2736 plalburgarii
1144 2649 1389 2735 nuncupantur
1401 2649 1462 2710 ant
1470 2640 1547 2711 aliis
1558 2640 1839 2734 quibuscumque

430 2761 591 2858 superins
609 2761 811 2850 nominatis,
829 2760 859 2833 si
878 2759 1029 2834 dimissis
1047 2761 1130 2834 locis
1147 2762 1207 2833 nbi
1227 2761 1425 2833 residebant
1444 2761 1490 2832 ad
1514 2783 1577 2833 nos
1598 2762 1654 2834 vel
1680 2761 1838 2835 dominos

430 2904 512 2956 suos
524 2883 761 2955 ministeriales
774 2892 909 2956 nostros
926 2883 1038 2956 redire
1050 2883 1235 2973 voluerint,
1254 2883 1387 2977 absque
1404 2881 1532 2955 damno
1551 2883 1607 2956 vel
1624 2905 1712 2977 pena
1725 2885 1838 2978 qnali-

431 3017 619 3102 tercunque
644 3006 694 3080 eis
710 3015 847 3102 propter
868 3006 934 3078 hoc
952 3007 1150 3094 constituta,
1171 3029 1252 3079 cum
1276 3006 1446 3079 universis
1465 3006 1569 3078 rebus
1597 3006 1671 3078 suis
1694 3007 1837 3080 liberam

431 3129 599 3203 redeundi
612 3129 763 3202 habeant
779 3129 995 3219 facultatem
1013 3137 1047 3200 et
1061 3128 1155 3201 idem
1169 3128 1367 3202 hominibus
1384 3129 1539 3222 ejusdem
1554 3129 1706 3225 episcopi
1720 3129 1840 3203 condi·
1913 3206 1917 3212 ,

431 3253 533 3325 tionis
548 3263 582 3325 et
595 3252 738 3325 ecclesie
749 3273 812 3324 sue
827 3251 1100 3342 conservabitur,
1111 3253 1200 3324 sicut
1216 3251 1252 3323 in
1267 3252 1417 3346 generali
1432 3252 1526 3326 curia
1537 3251 1714 3346 Maguntie
1722 3253 1839 3327 extitit

431 3376 664 3448 constitutum.
684 3378 855 3448 Statntnm
869 3385 920 3448 est
938 3375 1079 3470 insuper
1096 3385 1130 3448 et
1144 3376 1355 3474 propositum
1366 3375 1462 3469 quod
1474 3375 1569 3472 apud
1582 3376 1775 3450 Schletstatt
1792 3378 1839 3452 de

432 3507 544 3572 cetero
562 3509 699 3572 moneta
712 3521 781 3572 non
800 3497 966 3587 cudatur,
987 3520 1051 3570 nec
1069 3499 1155 3571 alias
1169 3500 1206 3570 in
1225 3499 1427 3595 episcopatu
1442 3522 1520 3592 sno,
1542 3500 1610 3572 nisi
1627 3499 1689 3573 ubi
1704 3500 1840 3596 dejure

432 3620 514 3694 cudi
530 3620 645 3694 debet.
660 3623 743 3696 ltem
760 3622 805 3696 de
818 3623 891 3694 loro
909 3621 1104 3696 Ettenheim
1122 3633 1157 3696 et
1172 3623 1217 3696 de
1230 3623 1380 3697 Malberc
1397 3623 1522 3696 diebus
1535 3625 1663 3718 quibus
1677 3627 1749 3718 jam
1763 3649 1841 3699 ser-

432 3753 533 3816 vatur
547 3745 672 3818 amodo
693 3755 914 3820 conservetur
927 3742 994 3842 (l).
1014 3746 1057 3820 Ut
1078 3755 1193 3820 autem
1206 3768 1348 3842 presens
1361 3746 1568 3836 infeudatio,
1588 3749 1791 3845 compositio
1804 3760 1841 3824 et

431 3869 637 3964 permutatio
651 3869 891 3942 inviolabiliter
909 3868 1137 3944 observentur
1154 3878 1189 3944 et
1207 3871 1313 3942 robur
1326 3871 1497 3966 accipiant
1512 3872 1771 3963 inconcussum,
1794 3872 1843 3946 ad

432 3999 634 4086 perpetuam
646 3991 800 4082 ejusdem
812 3990 861 4063 rei
875 3991 1077 4064 memoriam
1091 4002 1125 4065 et
1139 3993 1295 4067 stabilem
1304 3993 1509 4088 firmitatem,
1521 4017 1663 4092 presens
1675 3997 1842 4092 scripturn

434 4111 508 4186 fieri
526 4121 561 4186 et
578 4114 689 4208 sigillo
703 4125 817 4188 nostre
833 4115 1021 4208 majestatis
1029 4115 1194 4208 jussimus
1210 4117 1427 4190 communiri.

365 4335 369 4344 Ι
483 4237 593 4329 liujus
606 4237 657 4308 rei
675 4245 778 4310 testes
795 4247 902 4310 sunt:
926 4236 1041 4312 dilecti
1063 4239 1238 4336 principes
1258 4241 1366 4314 nostri
1382 4239 1528 4314 Silridus
1549 4242 1754 4315 venerabilis
1769 4243 1844 4314 Mo·

434 4359 651 4451 guntincnsis
678 4361 973 4456 archiepiscopus,
1006 4361 1184 4436 Corradus
1218 4363 1326 4437 abbas
1354 4365 1469 4438 Sancti
1494 4365 1599 4452 Galli,
1628 4367 1844 4438 Hermannus

434 4483 588 4555 marchio
609 4481 655 4556 de
675 4483 810 4576 Badeo,
844 4485 1022 4558 Conradus
1048 4486 1257 4581 burgravius
1284 4487 1329 4559 de
1346 4488 1577 4581 Nuremberg,
1608 4486 1783 4562 Gotiridus
1796 4489 1844 4562 de

434 4605 673 4700 Hochcnloch,
695 4609 862 4681 Henricus
878 4618 912 4682 et
931 4607 1093 4682 Albertus
1104 4611 1224 4682 fratres
1242 4609 1288 4684 de
1300 4610 1419 4702 Nilen‚
1445 4611 1611 4684 llenricus
1623 4621 1656 4684 et
1668 4609 1845 4684 Gotlridus

472 4913 508 4989 (t)
527 4915 569 4974 Cl.
583 4931 665 4990 supra
674 4919 879 4994 compositiones
890 4921 946 4992 jam
962 4919 1040 4978 initas
1055 4919 1133 4978 annis
1147 4921 1216 4979 tana
1230 4925 1258 4978 et
1270 4924 1350 4994 tato,
1366 4927 1387 4979 t.
1401 4921 1437 4996 11,
1448 4938 1477 4997 p.
1490 4924 1544 4982 'lot
1555 4929 1584 4982 et
1596 4925 1658 4982 900.

515 5013 569 5078 tv.
592 5026 648 5076 Pm
661 5035 683 5077 a.
1629 5031 1685 5085 tot
