4859 6359
349 844 450 905 lenter.
465 840 511 918 6.]
799 835 998 899 HISTORIA
1021 833 1313 897 lill‘LOllA'l'lGll.
1702 835 1763 899 6θὸ

349 977 485 1074 imperii
499 974 661 1049 lidelibus
677 972 769 1047 hano
781 972 930 1047 litteram
947 970 1153 1068 inspecturis
1167 971 1313 1065 gratiam
1326 991 1425 1043 suam
1440 979 1477 1043 et
1489 990 1595 1045 omne
1612 971 1757 1046 bonnm.

349 1102 458 1196 ltegie
470 1098 629 1195 oongrnit
640 1096 812 1173 honestati
824 1096 1030 1171 devotorum
1052 1105 1087 1169 et
1101 1093 1258 1169 fidelium
1271 1115 1416 1167 suorum
1431 1094 1577 1169 lesiones
1594 1105 1760 1192 tanquam

350 1226 507 1322 proprias
522 1222 703 1297 vindicare
719 1229 755 1295 et
772 1222 917 1317 pleniori
930 1242 1010 1293 enm
1027 1220 1149 1294 effectu
1162 1220 1315 1316 ipsorum
1333 1218 1512 1293 intendere
1525 1220 1707 1295 oommodo
1728 1230 1764 1296 et

348 1350 484 1423 honori.
502 1348 701 1443 lgitureum
718 1344 865 1419 dilectus
879 1346 1039 1442 prinoeps
1051 1354 1167 1417 noster
1179 1346 1221 1415 B.
1232 1344 1440 1417 venerabilis
1452 1344 1648 1441 episeopus,
1666 1347 1763 1442 eapi-

349 1474 480 1563 tulum‚
496 1469 751 1561 ministeriales,
772 1469 953 1542 eonsilium
967 1478 1002 1543 et
1021 1468 1173 1543 universi
1189 1469 1285 1542 cives
1301 1468 1572 1565 Argentiuenses
1586 1481 1701 1544 nostre
1721 1493 1761 1546 se

348 1596 461 1669 taliter
476 1594 700 1669 astrinxerint
709 1593 881 1687 majestati
893 1592 990 1687 quod
1004 1601 1120 1667 nostra
1134 1594 1339 1685 gravamina
1352 1594 1423 1665 sint
1435 1615 1556 1667 eorum
1568 1596 1715 1669 ledones
1727 1606 1763 1670 et

348 1742 467 1793 eorum
483 1720 630 1793 lesioues
640 1728 757 1791 nostre
774 1718 978 1813 gravamina
993 1728 1193 1813 reputemus
1209 1716 1283 1812 (t),
1303 1716 1571 1809 significandum
1595 1719 1762 1794 duximus

348 1844 522 1919 universis
538 1842 635 1938 quod
648 1864 711 1916 nes
723 1864 771 1916 ex
784 1842 942 1915 oonsulte
953 1840 1201 1915 deliberatione
1218 1842 1392 1937 predictos
1402 1842 1523 1917 fideles
1544 1855 1677 1918 nostros
1688 1846 1759 1941 epi·

348 1990 491 2065 neopum
511 1979 546 2041 et
561 1988 700 2041 omnem
720 1966 885 2040 familiam
902 1965 1189 2061 Argeutlnensem
1202 1974 1239 2038 et
1254 1966 1457 2039 nominatim
1470 1968 1565 2041 cives
1576 1970 1758 2065 specialem

349 2095 575 2167 subnostram
586 2091 780 2188 recepimus
793 2092 1038 2187 protectionem
1048 2118 1058 2181 ;
1070 2091 1495 2187 volentesutnubioomqua
1503 2116 1566 2189 par
1576 2095 1760 2191 imperium

350 2212 521 2310 prolieisoi
539 2214 596 2286 vel
612 2212 781 2305 negotiari
801 2232 943 2285 neeesse
957 2210 1157 2303 habuerint,
1183 2211 1280 2306 regio
1302 2212 1492 2305 patrocinio
1514 2212 1755 2290 defendantur.

349 2336 564 2431 Quapropter
583 2330 789 2405 mandamus
808 2332 876 2405 sub
903 2330 1178 2405 interminatione
1198 2331 1309 2425 gratie
1328 2340 1443 2405 nosue
1466 2332 1621 2407 districte
1642 2339 1759 2431 preci-

348 2460 481 2553 pientes
497 2466 537 2530 nt
550 2456 666 2529 nullus
681 2456 728 2527 sit
742 2456 803 2550 qui
818 2476 906 2529 ausu
921 2454 1047 2529 duetus
1057 2456 1254 2547 temerario,
1274 2456 1468 2550 sepedictos
1485 2454 1605 2531 fideles
1624 2472 1759 2537 nostros

349 2583 615 2678 Argentiueuses
633 2580 669 2653 iu
682 2580 839 2676 personis
851 2578 908 2651 vel
925 2579 961 2651 iu
973 2578 1078 2652 rebus
1094 2580 1275 2653 molestare
1292 2579 1419 2653 audeat
1431 2582 1489 2653 vel
1506 2582 1697 2679 dampnum
1707 2588 1759 2660 eis

349 2717 408 2780 ant
431 2726 621 2801 gravamen
644 2702 785 2801 aliquod
802 2704 964 2799 irrogare.
993 2702 1096 2789 Quod
1116 2704 1179 2799 qui
1196 2705 1310 2779 faeere
1331 2707 1594 2802 presumpserit,
1616 2732 1757 2804 gravem

348 2832 511 2905 offensam
524 2838 675 2903 nostram
686 2850 726 2903 se
740 2828 876 2903 noverit
889 2827 1107 2903 incursurum
1122 2824 1183 2927 [et]
1198 2850 1268 2903 nou
1283 2828 1408 2903 evadet
1418 2841 1534 2905 nosue
1544 2833 1761 2909 eelsitudinis

349 2956 528 3030 ultionem.
1534 3022 1537 3027 .

396 3082 521 3151 Datum
536 3074 631 3174 apud
647 3074 915 3171 Boobperdiam,
940 3096 1033 3150 anno
1053 3075 1225 3150 dominiee
1246 3077 1488 3151 incamatiouis
1503 3079 1755 3171 MCCXXXlll,

350 3204 422 3277 lllll
434 3203 516 3277 idus
530 3201 662 3293 martii,
682 3199 870 3273 indictione
882 3200 940 3272 vl.

919 3528 1227 3537 -υ-υ--ι-ι--σ---α
1234 3531 1337 3539 .-.ιηιμ
1344 3533 1350 3539 ι
1357 3530 1497 3541 Μαι-..Δο-

400 3802 603 3913 llenrious,
627 3804 888 3887 Romanorum
906 3830 992 3913 rex,
1013 3805 1063 3888 ad
1089 3805 1308 3915 petitionem
1332 3806 1472 3889 civium
1495 3808 1756 3896 bremensium

350 3942 472 4017 ratum
498 3936 613 4019 habet
635 3936 739 4045 quod
769 3935 1071 4047 arehiepisoopus
1096 3938 1311 4021 Bremensis
1337 3941 1581 4025 statuendum
1606 3943 1758 4027 duxerit

353 4092 461 4175 super
478 4066 648 4152 delendis
665 4068 822 4153 teloneis
844 4078 882 4153 et
902 4070 1180 4179 exactionibus,
1212 4097 1311 4182 quae
1336 4098 1416 4156 nou
1447 4100 1494 4157 ex
1519 4075 1647 4160 debito
1669 4077 1757 4187 jure

350 4196 596 4283 habebantur.

425 4406 530 4481 (edo.
550 4406 729 4471 Jon.Pn1n.
755 4384 882 4485 msam,
903 4406 1267 4495 Semmlanpaopadmrk
1292 4408 1449 4474 ortandae
1463 4398 1625 4493 (Bremon,¹
1639 4418 1751 4498 1⁷68),

462 4530 495 4591 p.
512 4512 595 4594 tol.)

360 4672 598 4687 Dn—-m--u

383 4772 415 4846 (t)
432 4774 463 4831 ld
475 4774 568 4833 sedulo
583 4778 729 4836 notandum
738 4785 796 4849 est,
812 4780 876 4837 dum
888 4781 966 4855 quasi
977 4780 1137 4855 principium
1147 4797 1220 4839 nune
1230 4781 1474 4839 animadvertamus
1490 4781 1586 4840 borum
1598 4799 1749 4844 sedamen·

355 4870 441 4943 brun,
455 4886 526 4944 quae
541 4879 635 4946 postea
650 4876 845 4951 aprinnipibus
861 4882 890 4936 et
904 4878 1072 4950 civitatibus,
1090 4878 1242 4939 volentibus
1260 4879 1304 4940 rel
1321 4879 1427 4952 inritis,
1448 4896 1499 4939 rex
1510 4880 1643 4942 ilenrious
1658 4890 1753 4943 nonna

354 4972 448 5038 patrem
460 4985 541 5027 soum
552 4971 658 5045 exigere
669 4975 856 5051 praesumpsit.
