4859 6359
473 813 631 897 laurona]
917 809 1116 872 HISTORIA
1142 809 1438 876 ntrtotlllttca
1824 812 1884 875 763

474 949 641 1042 obligavit
665 957 701 1021 et
722 945 914 1040 assignavit
937 945 970 1018 ei
991 955 1140 1018 castrum
1161 943 1289 1043 Sciphe
1308 957 1345 1021 et
1362 947 1496 1022 reditus
1517 954 1656 1020 centum
1674 946 1877 1020 talentorum

476 1071 728 1170 Herbipolensis
748 1079 901 1162 monete,
928 1069 1141 1165 ubicumque
1157 1070 1251 1144 idem
1267 1072 1472 1146 Godelridus
1496 1072 1533 1144 in
1557 1072 1657 1144 bonis
1672 1071 1783 1167 ipsius
1808 1071 1877 1144 Lu-

476 1198 600 1274 dewici
627 1198 704 1270 sive
724 1195 761 1268 in
782 1195 990 1291 proprietate
1014 1195 1089 1268 sive
1113 1195 1149 1266 in
1180 1195 1293 1269 leodis
1319 1197 1476 1290 ejusdcm
1503 1196 1589 1269 vetit
1620 1196 1795 1291 accipere3
1832 1196 1879 1268 ita

474 1321 567 1418 qnod
584 1319 827 1418 proprietatem
845 1317 1070 1391 incontinenti
1086 1339 1149 1413 par
1165 1321 1296 1392 curiam
1312 1329 1464 1393 nostram
1480 1319 1547 1392 sibi
1564 1318 1707 1391 tradidit
1728 1329 1763 1392 et
1777 1317 1879 1392 feoda

475 1445 623 1517 stabilire
656 1443 824 1540 promisit.
860 1441 1005 1538 Insuper
1035 1462 1155 1516 omnes
1189 1443 1345 1516 homines
1372 1465 1454 1517 suos
1483 1443 1641 1515 militaris
1673 1442 1879 1515 conditionis

476 1570 654 1663 utriusque
674 1589 782 1640 sexus
803 1565 917 1640 eidem
942 1566 1085 1638 contulit
1101 1567 1325 1658 assignando,
1351 1567 1553 1663 subscriptis
1574 1565 1829 1639 conditionibus
1845 1578 1880 1640 et

477 1692 585 1788 pactis
600 1693 636 1763 in
659 1691 781 1764 eadem
803 1689 987 1763 traditione
1008 1697 1043 1763 et
1059 1690 1289 1785 assignatione
1311 1691 1422 1763 taliter
1440 1690 1763 1783 intervenientibus,
1782 1692 1878 1786 quod

475 1815 518 1887 ab
538 1814 621 1886 hinc
639 1835 753 1908 usque
770 1811 817 1886 ad
838 1813 963 1885 festum
989 1816 1096 1886 sancti
1124 1812 1262 1886 llartini
1289 1812 1449 1907 proximo
1466 1823 1651 1886 venturum
1674 1821 1775 1886 etex
1798 1823 1879 1885 tunc

476 1957 584 2032 nsque
607 1937 655 2014 ad
670 1956 801 2009 annum
820 1957 931 2009 unum
949 1939 1156 2032 completum
1180 1937 1218 2007 in
1237 1935 1361 2009 eodem
1384 1937 1469 2008 lesto
1487 1936 1601 2009 dictos
1619 1933 1831 2010 Godclridus
1846 1947 1882 2009 et

475 2059 618 2134 heredes
644 2061 701 2132 sni
715 2061 841 2134 omnia
859 2047 1014 2157 predicta
1038 2061 1230 2134 benacum
1249 2059 1464 2156 pertiuentiis
1489 2060 1562 2132 suis
1583 2060 1685 2154 pleno
1698 2061 1778 2152 jure
1801 2082 1881 2134 cum

476 2182 672 2258 hominibus
688 2185 725 2256 in
743 2185 852 2259 libera
863 2195 898 2260 et
917 2186 1039 2279 quieta
1057 2183 1276 2280 possessione
1290 2183 1473 2273 tcuebnut3
1495 2182 1544 2256 ita
1555 2181 1653 2276 quod
1670 2182 1701 2255 si
1716 2184 1884 2279 completo

478 2329 567 2382 anno
583 2308 618 2380 in
634 2308 792 2404 sequenti
808 2309 894 2382 leste
904 2307 996 2380 beati
1011 2307 1148 2380 Martini
1160 2308 1313 2404 prelatus
1324 2304 1537 2380 Ludewicus
1550 2305 1646 2378 mille
1658 2327 1790 2382 marces
1803 2309 1883 2403 puri

478 2432 608 2526 argenti
625 2433 766 2504 solverit
784 2431 896 2505 eidem
915 2429 1102 2506 Godelrido
1115 2440 1150 2504 et
1167 2429 1354 2504 heredibus
1373 2430 1464 2521 suis,
1487 2429 1581 2502 idem
1598 2428 1807 2502 Godcfridus
1826 2434 1881 2504 rel

479 2553 620 2628 heredes
637 2556 691 2627 sni
713 2565 782 2627 tam
801 2555 994 2652 predictum
1015 2565 1164 2628 castrum
1180 2576 1286 2650 quam
1308 2553 1393 2626 alios
1414 2553 1547 2624 reditus
1578 2573 1658 2624 cum
1683 2553 1882 2626 hominibus

478 2677 576 2750 dictis
599 2677 777 2751 restituere
802 2685 994 2752 teneantur.
1016 2677 1051 2752 Si
1075 2700 1158 2752 vero
1187 2679 1331 2750 termino
1351 2685 1530 2774 pretaxato
1554 2673 1646 2747 idem
1674 2677 1883 2750 Ludewicus

477 2822 543 2873 non
561 2802 701 2874 solverit
719 2803 907 2896 predictam
927 2802 1074 2899 pecunie
1091 2801 1337 2898 quantitatem,
1359 2790 1534 2896 pradictus
1554 2797 1762 2872 Godelridus
1772 2813 1806 2873 et
1819 2802 1880 2876 he·

479 2924 577 2998 redes
597 2926 652 2997 sni
673 2925 865 3020 predictum
892 2936 1041 3000 castrum
1068 2927 1195 3022 Sciphe
1216 2947 1297 2999 cum
1321 2924 1533 3020 pertinentiis
1559 2924 1687 2996 suiset
1712 2925 1882 2999 reditibus

479 3058 613 3120 centum
633 3049 837 3121 talentorum
856 3058 891 3122 et
907 3049 1107 3124 hominibus
1121 3051 1199 3143 jure
1214 3057 1381 3145 perpetuo
1397 3058 1466 3119 tam
1487 3047 1704 3142 proprietatis
1727 3049 1826 3122 titulo
1844 3051 1880 3122 in

479 3171 626 3267 hiisque
643 3173 780 3269 propria
801 3182 883 3245 sunt
904 3195 1009 3268 quam
1031 3177 1110 3268 jure
1132 3172 1258 3247 feodali
1285 3174 1322 3245 in
1349 3169 1542 3245 feodalibus
1563 3172 1775 3266 retinebunt,
1806 3175 1883 3248 sine

480 3295 747 3369 contradictione
770 3298 826 3369 vel
849 3297 1005 3371 molestia
1039 3298 1186 3390 alicujus
1210 3297 1329 3393 quiete
1353 3317 1395 3370 ac
1424 3293 1568 3391 pacifice
1593 3296 1815 3392 possidenda.
1838 3297 1883 3371 Ut

478 3431 588 3494 autem
619 3420 773 3516 predicta
805 3423 987 3496 conventio
1010 3432 1045 3496 et
1068 3421 1255 3496 satisfactio
1277 3422 1314 3493 in
1345 3443 1411 3494 sno
1439 3421 1563 3494 robore
1587 3433 1804 3516 perseveret,
1834 3423 1882 3498 ad

477 3543 630 3636 ejusdem
647 3546 696 3617 rei
715 3546 917 3618 memoriam
937 3556 1129 3641 presentem
1154 3546 1385 3619 memorialem
1403 3543 1568 3640 paginam
1584 3543 1658 3618 lieri
1679 3547 1825 3621 lecimus
1847 3557 1883 3620 et

476 3669 585 3762 sigillo
601 3677 717 3742 nostro
726 3671 893 3762 jussimus
914 3669 1131 3742 communiri.

521 3795 637 3866 Testes
661 3804 776 3867 autem
795 3794 856 3889 qui
878 3795 1105 3867 interfuerunt
1128 3802 1210 3867 sunt
1237 3819 1247 3864 ε
1275 3793 1469 3868 lilebertns
1486 3795 1781 3890 Babenbergensis
1800 3795 1882 3892 epi-

477 3939 621 4014 scopus,
648 3919 796 3992 Silridus
824 3919 1080 4016 Ratisponensis
1108 3919 1290 4015 episcopus
1313 3917 1502 4013 imperialis
1529 3921 1608 3992 aule
1639 3919 1878 4009 cancellarius,

477 4041 654 4114 lleinricus
684 4042 898 4136 lantgravius
925 4043 1130 4136 Thuringic,
1157 4043 1197 4114 B.
1234 4042 1311 4115 dux
1342 4041 1536 4133 Karintlrie,
1659 4043 1811 4115 marchio
1836 4043 1882 4117 de

478 4164 608 4254 Baden,
634 4166 735 4237 irater
752 4166 970 4238 Hermannns
990 4167 1152 4260 magister
1171 4165 1297 4239 domus
1314 4163 1604 4238 Thentonicorum
1623 4165 1659 4237 in
1676 4167 1877 4256 Jerusalem,

480 4287 652 4361 Comedus
675 4289 905 4383 burggravius
932 4289 977 4363 de
1003 4289 1255 4379 Nummbercla,
1286 4287 1448 4360 Albertus
1473 4288 1519 4361 de
1544 4289 1744 4380 Rotenvels,
1778 4291 1880 4363 Wol-

479 4410 593 4484 lradns
619 4410 665 4484 de
693 4411 885 4502 Crotheim‚
913 4411 1152 4506 Engelhardus
1179 4411 1225 4484 de
1254 4412 1419 4502 Οεωῑυα,
1442 4408 1621 4482 Conradns
1647 4409 1813 4505 pincerna
1835 4411 1881 4485 de

479 4531 744 4626 Winterstettcn,
759 4533 935 4608 Conradns
952 4536 1117 4630 pincerna
1134 4535 1178 4606 de
1191 4532 1452 4628 Clingenborch‚
1472 4529 1665 4605 Fridericus
1682 4531 1728 4605 de
1740 4533 1880 4609 Kezzel·

457 4723 459 4726 .
478 4653 573 4747 berc,
595 4655 773 4730 Conradus
790 4657 835 4730 de
852 4657 1075 4747 Smidelvclt‚
1099 4657 1306 4731 Godelridns
1323 4656 1368 4729 de
1384 4653 1584 4747 Solzberch,
1604 4655 1819 4732 Hermannus
1834 4659 1880 4732 de

476 4777 615 4872 Lepide,
633 4781 813 4853 Otnandos
830 4781 875 4854 de
894 4781 1103 4867 Eshenowe,
1126 4785 1227 4876 Ilugo
1243 4781 1289 4854 de
1303 4781 1417 4872 sulze,
1433 4779 1664 4876 llarquardus
1683 4778 1876 4876 casneto,

476 4901 678 4978 Godelridus
700 4905 798 4979 miles
817 4905 863 4979 de
883 4905 1056 5000 llolrenlo,
1076 4918 1112 4980 et
1128 4907 1184 4980 alii
1200 4907 1436 5003 quamplures.
