<?xml version="1.0" encoding="UTF-8"?>
<!DOCTYPE html PUBLIC "-//W3C//DTD XHTML 1.0 Transitional//EN"
    "http://www.w3.org/TR/xhtml1/DTD/xhtml1-transitional.dtd">
<html xmlns="http://www.w3.org/1999/xhtml" xml:lang="en" lang="en">
 <head>
  <title>
</title>
<meta http-equiv="Content-Type" content="text/html;charset=utf-8" />
  <meta name='ocr-system' content='tesseract 3.04.00' />
  <meta name='ocr-capabilities' content='ocr_page ocr_carea ocr_par ocr_line ocrx_word'/>
</head>
<body>
  <div class='ocr_page' id='page_1' title='image "./historiadiploma05fredgoog_0126.png"; bbox 0 0 4859 6359; ppageno 0'>
   <div class='ocr_carea' id='block_1_1' title="bbox 600 804 2008 1284">
    <p class='ocr_par' dir='ltr' id='par_1_1' title="bbox 600 804 2008 1284">
     <span class='ocr_line' id='line_1_1' title="bbox 600 804 2005 884; baseline -0.002 -12"><span class='ocrx_word' id='word_1_1' title='bbox 600 808 661 872; x_wconf 86' lang='lat' dir='ltr'>cca</span> <span class='ocrx_word' id='word_1_2' title='bbox 1116 805 1290 868; x_wconf 86' lang='lat' dir='ltr'>unuurcr</span> <span class='ocrx_word' id='word_1_3' title='bbox 1315 804 1483 868; x_wconf 83' lang='lat' dir='ltr'>sarrrur</span> <span class='ocrx_word' id='word_1_4' title='bbox 1820 807 1900 884; x_wconf 71' lang='lat' dir='ltr'>[uu.</span> <span class='ocrx_word' id='word_1_5' title='bbox 1921 807 2005 870; x_wconf 76' lang='lat' dir='ltr'>rme</span> 
     </span>
     <span class='ocr_line' id='line_1_2' title="bbox 601 937 2008 1037; baseline -0.001 -21"><span class='ocrx_word' id='word_1_6' title='bbox 601 953 699 1016; x_wconf 89' lang='lat' dir='ltr'>catus</span> <span class='ocrx_word' id='word_1_7' title='bbox 710 962 776 1014; x_wconf 89' lang='lat' dir='ltr'>nac</span> <span class='ocrx_word' id='word_1_8' title='bbox 789 942 904 1035; x_wconf 85' lang='lat' dir='ltr'>aliqua</span> <span class='ocrx_word' id='word_1_9' title='bbox 917 942 1082 1014; x_wconf 76' lang='lat' dir='ltr'>seculmb</span> <span class='ocrx_word' id='word_1_10' title='bbox 1094 961 1243 1037; x_wconf 90' lang='lat' dir='ltr'>persona</span> <span class='ocrx_word' id='word_1_11' title='bbox 1256 949 1368 1035; x_wconf 85' lang='lat' dir='ltr'>pretor</span> <span class='ocrx_word' id='word_1_12' title='bbox 1380 947 1531 1012; x_wconf 88' lang='lat' dir='ltr'>nostram</span> <span class='ocrx_word' id='word_1_13' title='bbox 1549 937 1722 1034; x_wconf 79' lang='lat' dir='ltr'>propriam</span> <span class='ocrx_word' id='word_1_14' title='bbox 1742 960 1922 1034; x_wconf 87' lang='lat' dir='ltr'>personam</span> <span class='ocrx_word' id='word_1_15' title='bbox 1938 942 2008 1014; x_wconf 87' lang='lat' dir='ltr'>ali-</span> 
     </span>
     <span class='ocr_line' id='line_1_3' title="bbox 600 1062 2007 1162; baseline -0.001 -22"><span class='ocrx_word' id='word_1_16' title='bbox 600 1065 688 1162; x_wconf 86' lang='lat' dir='ltr'><strong>quid</strong></span> <span class='ocrx_word' id='word_1_17' title='bbox 697 1065 786 1158; x_wconf 86' lang='lat' dir='ltr'>juris</span> <span class='ocrx_word' id='word_1_18' title='bbox 804 1065 859 1136; x_wconf 89' lang='lat' dir='ltr'>vel</span> <span class='ocrx_word' id='word_1_19' title='bbox 873 1063 998 1156; x_wconf 85' lang='lat' dir='ltr'>judicii</span> <span class='ocrx_word' id='word_1_20' title='bbox 1012 1065 1138 1138; x_wconf 88' lang='lat' dir='ltr'>babeat</span> <span class='ocrx_word' id='word_1_21' title='bbox 1153 1065 1210 1137; x_wconf 90' lang='lat' dir='ltr'>vel</span> <span class='ocrx_word' id='word_1_22' title='bbox 1222 1062 1288 1136; x_wconf 90' lang='lat' dir='ltr'>sibi</span> <span class='ocrx_word' id='word_1_23' title='bbox 1302 1063 1338 1134; x_wconf 94' lang='lat' dir='ltr'>in</span> <span class='ocrx_word' id='word_1_24' title='bbox 1352 1071 1528 1158; x_wconf 90' lang='lat' dir='ltr'>posterum</span> <span class='ocrx_word' id='word_1_25' title='bbox 1545 1082 1714 1156; x_wconf 87' lang='lat' dir='ltr'>usurpare</span> <span class='ocrx_word' id='word_1_26' title='bbox 1727 1073 1916 1157; x_wconf 79' lang='lat' dir='ltr'><strong>presumat.</strong></span> <span class='ocrx_word' id='word_1_27' title='bbox 1938 1065 2007 1138; x_wconf 85' lang='lat' dir='ltr'>Vo-</span> 
     </span>
     <span class='ocr_line' id='line_1_4' title="bbox 600 1185 2007 1284; baseline -0.004 -18"><span class='ocrx_word' id='word_1_28' title='bbox 600 1193 718 1266; x_wconf 90' lang='lat' dir='ltr'>lumus</span> <span class='ocrx_word' id='word_1_29' title='bbox 734 1191 837 1262; x_wconf 89' lang='lat' dir='ltr'>etiam</span> <span class='ocrx_word' id='word_1_30' title='bbox 854 1198 894 1263; x_wconf 92' lang='lat' dir='ltr'>ut</span> <span class='ocrx_word' id='word_1_31' title='bbox 911 1188 1036 1284; x_wconf 90' lang='lat' dir='ltr'>siquis</span> <span class='ocrx_word' id='word_1_32' title='bbox 1054 1189 1091 1261; x_wconf 94' lang='lat' dir='ltr'>in</span> <span class='ocrx_word' id='word_1_33' title='bbox 1111 1189 1185 1261; x_wconf 86' lang='lat' dir='ltr'>vite</span> <span class='ocrx_word' id='word_1_34' title='bbox 1202 1187 1357 1284; x_wconf 89' lang='lat' dir='ltr'>periculo</span> <span class='ocrx_word' id='word_1_35' title='bbox 1371 1185 1576 1259; x_wconf 90' lang='lat' dir='ltr'>constitutus</span> <span class='ocrx_word' id='word_1_36' title='bbox 1593 1186 1630 1258; x_wconf 93' lang='lat' dir='ltr'>iu</span> <span class='ocrx_word' id='word_1_37' title='bbox 1642 1195 1774 1258; x_wconf 87' lang='lat' dir='ltr'>curtem</span> <span class='ocrx_word' id='word_1_38' title='bbox 1784 1207 1847 1259; x_wconf 89' lang='lat' dir='ltr'>seu</span> <span class='ocrx_word' id='word_1_39' title='bbox 1866 1187 2007 1262; x_wconf 91' lang='lat' dir='ltr'>domum</span> 
     </span>
    </p>
   </div>
   <div class='ocr_carea' id='block_1_2' title="bbox 583 1307 2007 4611">
    <p class='ocr_par' dir='ltr' id='par_1_2' title="bbox 596 1307 2007 2513">
     <span class='ocr_line' id='line_1_5' title="bbox 601 1307 2007 1405; baseline -0.004 -16"><span class='ocrx_word' id='word_1_40' title='bbox 601 1315 817 1389; x_wconf 79' lang='lat' dir='ltr'><strong>claustralem</strong></span> <span class='ocrx_word' id='word_1_41' title='bbox 832 1313 1043 1404; x_wconf 82' lang='lat' dir='ltr'>confugerit,</span> <span class='ocrx_word' id='word_1_42' title='bbox 1062 1312 1112 1384; x_wconf 93' lang='lat' dir='ltr'>ibi</span> <span class='ocrx_word' id='word_1_43' title='bbox 1129 1312 1175 1384; x_wconf 88' lang='lat' dir='ltr'>ab</span> <span class='ocrx_word' id='word_1_44' title='bbox 1187 1311 1281 1383; x_wconf 92' lang='lat' dir='ltr'>omui</span> <span class='ocrx_word' id='word_1_45' title='bbox 1299 1318 1518 1405; x_wconf 72' lang='lat' dir='ltr'>persecutore</span> <span class='ocrx_word' id='word_1_46' title='bbox 1531 1317 1565 1379; x_wconf 92' lang='lat' dir='ltr'>et</span> <span class='ocrx_word' id='word_1_47' title='bbox 1575 1307 1696 1401; x_wconf 88' lang='lat' dir='ltr'>judice</span> <span class='ocrx_word' id='word_1_48' title='bbox 1712 1309 1757 1381; x_wconf 92' lang='lat' dir='ltr'>sit</span> <span class='ocrx_word' id='word_1_49' title='bbox 1771 1331 1926 1401; x_wconf 89' lang='lat' dir='ltr'>securus,</span> <span class='ocrx_word' id='word_1_50' title='bbox 1945 1333 2007 1384; x_wconf 88' lang='lat' dir='ltr'>uec</span> 
     </span>
     <span class='ocr_line' id='line_1_6' title="bbox 598 1431 2006 1532; baseline -0.003 -22"><span class='ocrx_word' id='word_1_51' title='bbox 598 1437 726 1532; x_wconf 90' lang='lat' dir='ltr'>aliquis</span> <span class='ocrx_word' id='word_1_52' title='bbox 738 1456 819 1507; x_wconf 90' lang='lat' dir='ltr'>enm</span> <span class='ocrx_word' id='word_1_53' title='bbox 831 1435 915 1508; x_wconf 93' lang='lat' dir='ltr'>inde</span> <span class='ocrx_word' id='word_1_54' title='bbox 926 1444 1102 1530; x_wconf 88' lang='lat' dir='ltr'>presumat</span> <span class='ocrx_word' id='word_1_55' title='bbox 1109 1434 1260 1507; x_wconf 91' lang='lat' dir='ltr'>educere</span> <span class='ocrx_word' id='word_1_56' title='bbox 1272 1434 1450 1506; x_wconf 89' lang='lat' dir='ltr'>violenter.</span> <span class='ocrx_word' id='word_1_57' title='bbox 1464 1431 1640 1504; x_wconf 82' lang='lat' dir='ltr'><strong>Familiam</strong></span> <span class='ocrx_word' id='word_1_58' title='bbox 1652 1432 1756 1505; x_wconf 91' lang='lat' dir='ltr'>etiam</span> <span class='ocrx_word' id='word_1_59' title='bbox 1766 1435 2006 1507; x_wconf 89' lang='lat' dir='ltr'>canonicorum</span> 
     </span>
     <span class='ocr_line' id='line_1_7' title="bbox 598 1553 2005 1650; baseline -0.001 -18"><span class='ocrx_word' id='word_1_60' title='bbox 598 1560 716 1634; x_wconf 91' lang='lat' dir='ltr'>nullus</span> <span class='ocrx_word' id='word_1_61' title='bbox 734 1557 860 1632; x_wconf 88' lang='lat' dir='ltr'>babeat</span> <span class='ocrx_word' id='word_1_62' title='bbox 871 1557 1030 1650; x_wconf 84' lang='lat' dir='ltr'>judicare</span> <span class='ocrx_word' id='word_1_63' title='bbox 1043 1557 1111 1628; x_wconf 91' lang='lat' dir='ltr'>nisi</span> <span class='ocrx_word' id='word_1_64' title='bbox 1125 1556 1256 1630; x_wconf 80' lang='lat' dir='ltr'>familie</span> <span class='ocrx_word' id='word_1_65' title='bbox 1273 1555 1433 1628; x_wconf 89' lang='lat' dir='ltr'>dominus</span> <span class='ocrx_word' id='word_1_66' title='bbox 1446 1555 1504 1628; x_wconf 93' lang='lat' dir='ltr'>vel</span> <span class='ocrx_word' id='word_1_67' title='bbox 1518 1553 1684 1628; x_wconf 87' lang='lat' dir='ltr'>decanus.</span> <span class='ocrx_word' id='word_1_68' title='bbox 1704 1553 1861 1628; x_wconf 88' lang='lat' dir='ltr'>Ceterum</span> <span class='ocrx_word' id='word_1_69' title='bbox 1872 1565 2005 1648; x_wconf 86' lang='lat' dir='ltr'>curtes,</span> 
     </span>
     <span class='ocr_line' id='line_1_8' title="bbox 598 1678 2007 1776; baseline -0.001 -21"><span class='ocrx_word' id='word_1_70' title='bbox 598 1682 796 1756; x_wconf 91' lang='lat' dir='ltr'>molendina</span> <span class='ocrx_word' id='word_1_71' title='bbox 818 1690 854 1754; x_wconf 94' lang='lat' dir='ltr'>et</span> <span class='ocrx_word' id='word_1_72' title='bbox 877 1680 999 1754; x_wconf 92' lang='lat' dir='ltr'>domos</span> <span class='ocrx_word' id='word_1_73' title='bbox 1019 1702 1090 1775; x_wconf 88' lang='lat' dir='ltr'>que</span> <span class='ocrx_word' id='word_1_74' title='bbox 1106 1680 1250 1753; x_wconf 83' lang='lat' dir='ltr'>ecclesie</span> <span class='ocrx_word' id='word_1_75' title='bbox 1267 1679 1464 1776; x_wconf 87' lang='lat' dir='ltr'>supradicte</span> <span class='ocrx_word' id='word_1_76' title='bbox 1488 1679 1545 1750; x_wconf 90' lang='lat' dir='ltr'>vel</span> <span class='ocrx_word' id='word_1_77' title='bbox 1562 1678 1735 1751; x_wconf 90' lang='lat' dir='ltr'>canonicis</span> <span class='ocrx_word' id='word_1_78' title='bbox 1758 1679 1950 1773; x_wconf 75' lang='lat' dir='ltr'>specialiter</span> <span class='ocrx_word' id='word_1_79' title='bbox 1971 1695 2007 1753; x_wconf 86' lang='lat' dir='ltr'>et</span> 
     </span>
     <span class='ocr_line' id='line_1_9' title="bbox 596 1791 2006 1900; baseline -0.002 -22"><span class='ocrx_word' id='word_1_80' title='bbox 596 1806 805 1900; x_wconf 74' lang='lat' dir='ltr'>integraliter</span> <span class='ocrx_word' id='word_1_81' title='bbox 817 1805 989 1900; x_wconf 89' lang='lat' dir='ltr'>pertinere</span> <span class='ocrx_word' id='word_1_82' title='bbox 1000 1813 1201 1888; x_wconf 84' lang='lat' dir='ltr'>noscuntur,</span> <span class='ocrx_word' id='word_1_83' title='bbox 1212 1803 1259 1876; x_wconf 89' lang='lat' dir='ltr'>ab</span> <span class='ocrx_word' id='word_1_84' title='bbox 1274 1791 1437 1876; x_wconf 90' lang='lat' dir='ltr'>omuibus</span> <span class='ocrx_word' id='word_1_85' title='bbox 1449 1802 1615 1898; x_wconf 89' lang='lat' dir='ltr'>precariis</span> <span class='ocrx_word' id='word_1_86' title='bbox 1627 1811 1662 1874; x_wconf 86' lang='lat' dir='ltr'>et</span> <span class='ocrx_word' id='word_1_87' title='bbox 1678 1801 1783 1874; x_wconf 90' lang='lat' dir='ltr'>talliis</span> <span class='ocrx_word' id='word_1_88' title='bbox 1795 1823 1836 1874; x_wconf 91' lang='lat' dir='ltr'>ac</span> <span class='ocrx_word' id='word_1_89' title='bbox 1847 1803 2006 1876; x_wconf 86' lang='lat' dir='ltr'>exactio-</span> 
     </span>
     <span class='ocr_line' id='line_1_10' title="bbox 596 1925 2006 2022; baseline 0 -22"><span class='ocrx_word' id='word_1_90' title='bbox 596 1929 701 2000; x_wconf 84' lang='lat' dir='ltr'>nibus</span> <span class='ocrx_word' id='word_1_91' title='bbox 712 1949 800 2022; x_wconf 91' lang='lat' dir='ltr'>quas</span> <span class='ocrx_word' id='word_1_92' title='bbox 811 1928 890 2000; x_wconf 91' lang='lat' dir='ltr'>laici</span> <span class='ocrx_word' id='word_1_93' title='bbox 909 1927 1127 2017; x_wconf 89' lang='lat' dir='ltr'>daresolent,</span> <span class='ocrx_word' id='word_1_94' title='bbox 1144 1927 1270 2000; x_wconf 87' lang='lat' dir='ltr'>liberos</span> <span class='ocrx_word' id='word_1_95' title='bbox 1282 1947 1357 2000; x_wconf 89' lang='lat' dir='ltr'>esse</span> <span class='ocrx_word' id='word_1_96' title='bbox 1374 1925 1638 1999; x_wconf 88' lang='lat' dir='ltr'>decemimuset</span> <span class='ocrx_word' id='word_1_97' title='bbox 1652 1925 1889 1999; x_wconf 88' lang='lat' dir='ltr'>immunes.Ut</span> <span class='ocrx_word' id='word_1_98' title='bbox 1902 1927 2006 2018; x_wconf 86' lang='lat' dir='ltr'>igitur</span> 
     </span>
     <span class='ocr_line' id='line_1_11' title="bbox 598 2048 2005 2145; baseline 0.001 -23"><span class='ocrx_word' id='word_1_99' title='bbox 598 2051 662 2123; x_wconf 90' lang='lat' dir='ltr'>bec</span> <span class='ocrx_word' id='word_1_100' title='bbox 672 2058 799 2124; x_wconf 90' lang='lat' dir='ltr'>statuta</span> <span class='ocrx_word' id='word_1_101' title='bbox 813 2058 847 2122; x_wconf 91' lang='lat' dir='ltr'>et</span> <span class='ocrx_word' id='word_1_102' title='bbox 861 2049 1107 2145; x_wconf 91' lang='lat' dir='ltr'>prohibitiones</span> <span class='ocrx_word' id='word_1_103' title='bbox 1116 2060 1231 2122; x_wconf 87' lang='lat' dir='ltr'>nostre</span> <span class='ocrx_word' id='word_1_104' title='bbox 1242 2050 1440 2141; x_wconf 89' lang='lat' dir='ltr'>majestatis,</span> <span class='ocrx_word' id='word_1_105' title='bbox 1448 2070 1536 2144; x_wconf 90' lang='lat' dir='ltr'>quas</span> <span class='ocrx_word' id='word_1_106' title='bbox 1546 2057 1686 2144; x_wconf 88' lang='lat' dir='ltr'>propter</span> <span class='ocrx_word' id='word_1_107' title='bbox 1693 2048 1859 2122; x_wconf 89' lang='lat' dir='ltr'>bonorem</span> <span class='ocrx_word' id='word_1_108' title='bbox 1869 2052 2005 2123; x_wconf 91' lang='lat' dir='ltr'>Domini</span> 
     </span>
     <span class='ocr_line' id='line_1_12' title="bbox 597 2172 2005 2268; baseline -0.001 -21"><span class='ocrx_word' id='word_1_109' title='bbox 597 2184 632 2248; x_wconf 90' lang='lat' dir='ltr'>et</span> <span class='ocrx_word' id='word_1_110' title='bbox 644 2175 690 2247; x_wconf 89' lang='lat' dir='ltr'>cb</span> <span class='ocrx_word' id='word_1_111' title='bbox 702 2175 845 2246; x_wconf 89' lang='lat' dir='ltr'>salntem</span> <span class='ocrx_word' id='word_1_112' title='bbox 859 2183 1009 2246; x_wconf 86' lang='lat' dir='ltr'>nostram</span> <span class='ocrx_word' id='word_1_113' title='bbox 1024 2194 1087 2268; x_wconf 94' lang='lat' dir='ltr'>pro</span> <span class='ocrx_word' id='word_1_114' title='bbox 1106 2173 1288 2246; x_wconf 90' lang='lat' dir='ltr'>commodo</span> <span class='ocrx_word' id='word_1_115' title='bbox 1306 2183 1340 2245; x_wconf 89' lang='lat' dir='ltr'>et</span> <span class='ocrx_word' id='word_1_116' title='bbox 1363 2173 1508 2244; x_wconf 88' lang='lat' dir='ltr'>utilitate</span> <span class='ocrx_word' id='word_1_117' title='bbox 1522 2172 1745 2245; x_wconf 88' lang='lat' dir='ltr'>Goslarieusis</span> <span class='ocrx_word' id='word_1_118' title='bbox 1761 2173 1906 2246; x_wconf 87' lang='lat' dir='ltr'>ecclesis</span> <span class='ocrx_word' id='word_1_119' title='bbox 1921 2196 2005 2246; x_wconf 91' lang='lat' dir='ltr'>san-</span> 
     </span>
     <span class='ocr_line' id='line_1_13' title="bbox 597 2293 2005 2392; baseline 0.001 -24"><span class='ocrx_word' id='word_1_120' title='bbox 597 2296 759 2383; x_wconf 90' lang='lat' dir='ltr'>civimus,</span> <span class='ocrx_word' id='word_1_121' title='bbox 773 2296 878 2368; x_wconf 93' lang='lat' dir='ltr'>robur</span> <span class='ocrx_word' id='word_1_122' title='bbox 891 2296 1069 2369; x_wconf 90' lang='lat' dir='ltr'>obtineant</span> <span class='ocrx_word' id='word_1_123' title='bbox 1085 2294 1201 2369; x_wconf 85' lang='lat' dir='ltr'>debile</span> <span class='ocrx_word' id='word_1_124' title='bbox 1218 2305 1253 2370; x_wconf 89' lang='lat' dir='ltr'>et</span> <span class='ocrx_word' id='word_1_125' title='bbox 1266 2305 1433 2392; x_wconf 90' lang='lat' dir='ltr'>perpetue</span> <span class='ocrx_word' id='word_1_126' title='bbox 1454 2293 1637 2386; x_wconf 87' lang='lat' dir='ltr'>firmitatis,</span> <span class='ocrx_word' id='word_1_127' title='bbox 1657 2297 1807 2391; x_wconf 83' lang='lat' dir='ltr'>presenti</span> <span class='ocrx_word' id='word_1_128' title='bbox 1824 2297 2005 2392; x_wconf 90' lang='lat' dir='ltr'>privilegio</span> 
     </span>
     <span class='ocr_line' id='line_1_14' title="bbox 597 2418 1832 2513; baseline -0.002 -21"><span class='ocrx_word' id='word_1_129' title='bbox 597 2440 656 2492; x_wconf 89' lang='lat' dir='ltr'>eas</span> <span class='ocrx_word' id='word_1_130' title='bbox 674 2420 819 2491; x_wconf 85' lang='lat' dir='ltr'>fecimus</span> <span class='ocrx_word' id='word_1_131' title='bbox 831 2420 1007 2510; x_wconf 91' lang='lat' dir='ltr'>annotari,</span> <span class='ocrx_word' id='word_1_132' title='bbox 1027 2418 1129 2513; x_wconf 87' lang='lat' dir='ltr'>sigilli</span> <span class='ocrx_word' id='word_1_133' title='bbox 1145 2420 1250 2492; x_wconf 88' lang='lat' dir='ltr'>nostri</span> <span class='ocrx_word' id='word_1_134' title='bbox 1264 2419 1456 2491; x_wconf 91' lang='lat' dir='ltr'>munimine</span> <span class='ocrx_word' id='word_1_135' title='bbox 1467 2419 1665 2492; x_wconf 84' lang='lat' dir='ltr'>roborantes</span> <span class='ocrx_word' id='word_1_136' title='bbox 1679 2419 1832 2492; x_wconf 84' lang='lat' dir='ltr'>easdem.</span> 
     </span>
    </p>

    <p class='ocr_par' dir='ltr' id='par_1_3' title="bbox 583 2542 2004 3992">
     <span class='ocr_line' id='line_1_15' title="bbox 644 2542 2004 2638; baseline 0 -22"><span class='ocrx_word' id='word_1_137' title='bbox 644 2543 817 2617; x_wconf 86' lang='lat' dir='ltr'>Testesbii</span> <span class='ocrx_word' id='word_1_138' title='bbox 832 2552 913 2616; x_wconf 89' lang='lat' dir='ltr'>snut</span> <span class='ocrx_word' id='word_1_139' title='bbox 930 2571 939 2613; x_wconf 77' lang='grc' dir='ltr'><strong>ε</strong></span> <span class='ocrx_word' id='word_1_140' title='bbox 957 2542 1103 2615; x_wconf 83' lang='lat' dir='ltr'>sifridus</span> <span class='ocrx_word' id='word_1_141' title='bbox 1117 2543 1399 2638; x_wconf 87' lang='lat' dir='ltr'>archiepiscopus</span> <span class='ocrx_word' id='word_1_142' title='bbox 1412 2543 1652 2635; x_wconf 89' lang='lat' dir='ltr'>blaguntinus,</span> <span class='ocrx_word' id='word_1_143' title='bbox 1670 2542 1889 2616; x_wconf 79' lang='lat' dir='ltr'>burchardus</span> <span class='ocrx_word' id='word_1_144' title='bbox 1904 2545 2004 2638; x_wconf 87' lang='lat' dir='ltr'>Mag-</span> 
     </span>
     <span class='ocr_line' id='line_1_16' title="bbox 594 2665 2004 2760; baseline -0.001 -20"><span class='ocrx_word' id='word_1_145' title='bbox 594 2665 823 2759; x_wconf 89' lang='lat' dir='ltr'>deburgensis</span> <span class='ocrx_word' id='word_1_146' title='bbox 836 2666 981 2758; x_wconf 89' lang='lat' dir='ltr'>electus,</span> <span class='ocrx_word' id='word_1_147' title='bbox 1001 2667 1215 2740; x_wconf 91' lang='lat' dir='ltr'>venerabiles</span> <span class='ocrx_word' id='word_1_148' title='bbox 1231 2665 1360 2740; x_wconf 93' lang='lat' dir='ltr'>domini</span> <span class='ocrx_word' id='word_1_149' title='bbox 1371 2667 1561 2739; x_wconf 87' lang='lat' dir='ltr'>Ekebertus</span> <span class='ocrx_word' id='word_1_150' title='bbox 1576 2667 1891 2760; x_wconf 80' lang='lat' dir='ltr'>babenbergensis,</span> <span class='ocrx_word' id='word_1_151' title='bbox 1915 2669 2004 2740; x_wconf 90' lang='lat' dir='ltr'>ller-</span> 
     </span>
     <span class='ocr_line' id='line_1_17' title="bbox 583 2788 2002 2885; baseline 0.001 -24"><span class='ocrx_word' id='word_1_152' title='bbox 583 2789 1032 2885; x_wconf 46' lang='lat' dir='ltr'>,mannusllerbipoleusim</span> <span class='ocrx_word' id='word_1_153' title='bbox 1052 2789 1256 2862; x_wconf 85' lang='lat' dir='ltr'>Ekehardus</span> <span class='ocrx_word' id='word_1_154' title='bbox 1272 2789 1580 2883; x_wconf 84' lang='lat' dir='ltr'>Merseburgensis,</span> <span class='ocrx_word' id='word_1_155' title='bbox 1598 2788 1837 2880; x_wconf 82' lang='lat' dir='ltr'>Eugelbardus</span> <span class='ocrx_word' id='word_1_156' title='bbox 1848 2791 2002 2865; x_wconf 87' lang='lat' dir='ltr'>Nuwen·</span> 
     </span>
     <span class='ocr_line' id='line_1_18' title="bbox 593 2911 2003 3008; baseline 0.002 -23"><span class='ocrx_word' id='word_1_157' title='bbox 593 2914 793 3008; x_wconf 87' lang='lat' dir='ltr'>burgensis,</span> <span class='ocrx_word' id='word_1_158' title='bbox 812 2913 990 2988; x_wconf 85' lang='lat' dir='ltr'>Conrudus</span> <span class='ocrx_word' id='word_1_159' title='bbox 1001 2913 1276 3006; x_wconf 89' lang='lat' dir='ltr'>Osnaburgensis</span> <span class='ocrx_word' id='word_1_160' title='bbox 1293 2913 1466 3008; x_wconf 88' lang='lat' dir='ltr'>episcopi,</span> <span class='ocrx_word' id='word_1_161' title='bbox 1487 2913 1564 2986; x_wconf 92' lang='lat' dir='ltr'>Otto</span> <span class='ocrx_word' id='word_1_162' title='bbox 1574 2911 1649 2985; x_wconf 85' lang='lat' dir='ltr'>dux</span> <span class='ocrx_word' id='word_1_163' title='bbox 1661 2913 1819 2986; x_wconf 89' lang='lat' dir='ltr'>Bawarie</span> <span class='ocrx_word' id='word_1_164' title='bbox 1833 2915 2003 3008; x_wconf 89' lang='lat' dir='ltr'>palatinus</span> 
     </span>
     <span class='ocr_line' id='line_1_19' title="bbox 594 3035 2003 3128; baseline 0 -18"><span class='ocrx_word' id='word_1_165' title='bbox 594 3059 710 3110; x_wconf 90' lang='lat' dir='ltr'>comes</span> <span class='ocrx_word' id='word_1_166' title='bbox 724 3038 826 3127; x_wconf 75' lang='lat' dir='ltr'>lieni,</span> <span class='ocrx_word' id='word_1_167' title='bbox 845 3037 1007 3110; x_wconf 75' lang='lat' dir='ltr'>albertus</span> <span class='ocrx_word' id='word_1_168' title='bbox 1021 3037 1096 3110; x_wconf 86' lang='lat' dir='ltr'>dux</span> <span class='ocrx_word' id='word_1_169' title='bbox 1108 3037 1275 3128; x_wconf 85' lang='lat' dir='ltr'>Saxonie,</span> <span class='ocrx_word' id='word_1_170' title='bbox 1294 3037 1476 3110; x_wconf 88' lang='lat' dir='ltr'>Heinricus</span> <span class='ocrx_word' id='word_1_171' title='bbox 1489 3057 1605 3110; x_wconf 90' lang='lat' dir='ltr'>comes</span> <span class='ocrx_word' id='word_1_172' title='bbox 1617 3035 1758 3110; x_wconf 82' lang='lat' dir='ltr'>Ascarie</span> <span class='ocrx_word' id='word_1_173' title='bbox 1777 3047 1812 3110; x_wconf 91' lang='lat' dir='ltr'>et</span> <span class='ocrx_word' id='word_1_174' title='bbox 1823 3039 2003 3110; x_wconf 86' lang='lat' dir='ltr'>Heinricus</span> 
     </span>
     <span class='ocr_line' id='line_1_20' title="bbox 595 3159 2003 3256; baseline 0.002 -24"><span class='ocrx_word' id='word_1_175' title='bbox 595 3159 686 3234; x_wconf 90' lang='lat' dir='ltr'>lilius</span> <span class='ocrx_word' id='word_1_176' title='bbox 720 3183 822 3250; x_wconf 91' lang='lat' dir='ltr'>suus,</span> <span class='ocrx_word' id='word_1_177' title='bbox 850 3162 1030 3234; x_wconf 88' lang='lat' dir='ltr'>Heinricus</span> <span class='ocrx_word' id='word_1_178' title='bbox 1053 3161 1280 3256; x_wconf 87' lang='lat' dir='ltr'>landgravius</span> <span class='ocrx_word' id='word_1_179' title='bbox 1304 3160 1509 3252; x_wconf 80' lang='lat' dir='ltr'>Thuringie,</span> <span class='ocrx_word' id='word_1_180' title='bbox 1535 3161 1750 3232; x_wconf 85' lang='lat' dir='ltr'>Hermannus</span> <span class='ocrx_word' id='word_1_181' title='bbox 1781 3161 1933 3234; x_wconf 87' lang='lat' dir='ltr'>marchio</span> <span class='ocrx_word' id='word_1_182' title='bbox 1957 3161 2003 3235; x_wconf 87' lang='lat' dir='ltr'>de</span> 
     </span>
     <span class='ocr_line' id='line_1_21' title="bbox 593 3280 1998 3375; baseline 0.001 -21"><span class='ocrx_word' id='word_1_183' title='bbox 593 3283 1074 3373; x_wconf 88' lang='lat' dir='ltr'>Badeu,lleiuricusmarcbio</span> <span class='ocrx_word' id='word_1_184' title='bbox 1088 3284 1133 3357; x_wconf 94' lang='lat' dir='ltr'>de</span> <span class='ocrx_word' id='word_1_185' title='bbox 1144 3283 1268 3374; x_wconf 86' lang='lat' dir='ltr'>Misus,</span> <span class='ocrx_word' id='word_1_186' title='bbox 1284 3280 1464 3355; x_wconf 88' lang='lat' dir='ltr'>Conradus</span> <span class='ocrx_word' id='word_1_187' title='bbox 1475 3281 1685 3374; x_wconf 79' lang='lat' dir='ltr'>burgravius</span> <span class='ocrx_word' id='word_1_188' title='bbox 1698 3283 1743 3356; x_wconf 92' lang='lat' dir='ltr'>de</span> <span class='ocrx_word' id='word_1_189' title='bbox 1753 3283 1998 3375; x_wconf 88' lang='lat' dir='ltr'>Nurembercb,</span> 
     </span>
     <span class='ocr_line' id='line_1_22' title="bbox 593 3403 2001 3499; baseline 0 -21"><span class='ocrx_word' id='word_1_190' title='bbox 593 3406 813 3479; x_wconf 80' lang='lat' dir='ltr'>burchardus</span> <span class='ocrx_word' id='word_1_191' title='bbox 840 3407 1050 3499; x_wconf 87' lang='lat' dir='ltr'>burgravius</span> <span class='ocrx_word' id='word_1_192' title='bbox 1075 3405 1402 3499; x_wconf 83' lang='lat' dir='ltr'>Magdeburgensis,</span> <span class='ocrx_word' id='word_1_193' title='bbox 1428 3425 1544 3478; x_wconf 87' lang='lat' dir='ltr'>eomes</span> <span class='ocrx_word' id='word_1_194' title='bbox 1565 3403 1663 3496; x_wconf 79' lang='lat' dir='ltr'>liguo</span> <span class='ocrx_word' id='word_1_195' title='bbox 1686 3404 1732 3479; x_wconf 91' lang='lat' dir='ltr'>de</span> <span class='ocrx_word' id='word_1_196' title='bbox 1752 3405 1880 3497; x_wconf 90' lang='lat' dir='ltr'>Uraeb,</span> <span class='ocrx_word' id='word_1_197' title='bbox 1910 3408 2001 3478; x_wconf 82' lang='lat' dir='ltr'>Bur-</span> 
     </span>
     <span class='ocr_line' id='line_1_23' title="bbox 593 3526 2000 3618; baseline 0 -16"><span class='ocrx_word' id='word_1_198' title='bbox 593 3529 743 3602; x_wconf 88' lang='lat' dir='ltr'>cbardus</span> <span class='ocrx_word' id='word_1_199' title='bbox 765 3540 801 3603; x_wconf 91' lang='lat' dir='ltr'>et</span> <span class='ocrx_word' id='word_1_200' title='bbox 821 3527 1043 3603; x_wconf 87' lang='lat' dir='ltr'>Gevebardus</span> <span class='ocrx_word' id='word_1_201' title='bbox 1066 3531 1186 3601; x_wconf 81' lang='lat' dir='ltr'>iratres</span> <span class='ocrx_word' id='word_1_202' title='bbox 1204 3529 1250 3602; x_wconf 89' lang='lat' dir='ltr'>de</span> <span class='ocrx_word' id='word_1_203' title='bbox 1274 3526 1538 3618; x_wconf 87' lang='lat' dir='ltr'>Querenvorde,</span> <span class='ocrx_word' id='word_1_204' title='bbox 1564 3527 1643 3599; x_wconf 88' lang='lat' dir='ltr'>Otto</span> <span class='ocrx_word' id='word_1_205' title='bbox 1658 3548 1773 3600; x_wconf 90' lang='lat' dir='ltr'>comes</span> <span class='ocrx_word' id='word_1_206' title='bbox 1791 3529 2000 3603; x_wconf 84' lang='lat' dir='ltr'>dellavens·</span> 
     </span>
     <span class='ocr_line' id='line_1_24' title="bbox 593 3649 2000 3746; baseline 0.001 -22"><span class='ocrx_word' id='word_1_207' title='bbox 593 3652 717 3742; x_wconf 86' lang='lat' dir='ltr'>berch,</span> <span class='ocrx_word' id='word_1_208' title='bbox 739 3652 918 3725; x_wconf 88' lang='lat' dir='ltr'>Heinricus</span> <span class='ocrx_word' id='word_1_209' title='bbox 932 3651 977 3724; x_wconf 90' lang='lat' dir='ltr'>de</span> <span class='ocrx_word' id='word_1_210' title='bbox 989 3653 1101 3742; x_wconf 88' lang='lat' dir='ltr'>Nilen,</span> <span class='ocrx_word' id='word_1_211' title='bbox 1120 3650 1297 3724; x_wconf 88' lang='lat' dir='ltr'>Conradus</span> <span class='ocrx_word' id='word_1_212' title='bbox 1305 3652 1467 3746; x_wconf 91' lang='lat' dir='ltr'>pincerna</span> <span class='ocrx_word' id='word_1_213' title='bbox 1483 3651 1528 3724; x_wconf 88' lang='lat' dir='ltr'>de</span> <span class='ocrx_word' id='word_1_214' title='bbox 1541 3649 1812 3738; x_wconf 85' lang='lat' dir='ltr'>Winterstcden,</span> <span class='ocrx_word' id='word_1_215' title='bbox 1834 3653 2000 3726; x_wconf 86' lang='lat' dir='ltr'>llenricas</span> 
     </span>
     <span class='ocr_line' id='line_1_25' title="bbox 593 3772 2001 3869; baseline 0.001 -22"><span class='ocrx_word' id='word_1_216' title='bbox 593 3775 802 3848; x_wconf 91' lang='lat' dir='ltr'>camerarius</span> <span class='ocrx_word' id='word_1_217' title='bbox 828 3775 873 3848; x_wconf 92' lang='lat' dir='ltr'>de</span> <span class='ocrx_word' id='word_1_218' title='bbox 898 3775 1162 3867; x_wconf 84' lang='lat' dir='ltr'>llavensburch,</span> <span class='ocrx_word' id='word_1_219' title='bbox 1181 3775 1363 3848; x_wconf 87' lang='lat' dir='ltr'>Heinricus</span> <span class='ocrx_word' id='word_1_220' title='bbox 1390 3775 1597 3846; x_wconf 85' lang='lat' dir='ltr'>marscalcus</span> <span class='ocrx_word' id='word_1_221' title='bbox 1626 3772 1672 3846; x_wconf 88' lang='lat' dir='ltr'>de</span> <span class='ocrx_word' id='word_1_222' title='bbox 1696 3774 1946 3869; x_wconf 89' lang='lat' dir='ltr'>Bappenbeim,</span> <span class='ocrx_word' id='word_1_223' title='bbox 1966 3785 2001 3848; x_wconf 92' lang='lat' dir='ltr'>et</span> 
     </span>
     <span class='ocr_line' id='line_1_26' title="bbox 593 3897 904 3992; baseline 0 -22"><span class='ocrx_word' id='word_1_224' title='bbox 593 3897 654 3970; x_wconf 90' lang='lat' dir='ltr'>alii</span> <span class='ocrx_word' id='word_1_225' title='bbox 671 3899 904 3992; x_wconf 84' lang='lat' dir='ltr'>quamplures.</span> 
     </span>
    </p>

    <p class='ocr_par' dir='ltr' id='par_1_4' title="bbox 595 4018 2000 4341">
     <span class='ocr_line' id='line_1_27' title="bbox 642 4018 1997 4113; baseline 0 -21"><span class='ocrx_word' id='word_1_226' title='bbox 642 4018 766 4092; x_wconf 78' lang='lat' dir='ltr'>Actum</span> <span class='ocrx_word' id='word_1_227' title='bbox 789 4041 881 4092; x_wconf 90' lang='lat' dir='ltr'>anno</span> <span class='ocrx_word' id='word_1_228' title='bbox 909 4019 1081 4094; x_wconf 91' lang='lat' dir='ltr'>dominice</span> <span class='ocrx_word' id='word_1_229' title='bbox 1101 4019 1345 4094; x_wconf 86' lang='lat' dir='ltr'>incarnationis</span> <span class='ocrx_word' id='word_1_230' title='bbox 1364 4019 1545 4092; x_wconf 92' lang='lat' dir='ltr'>millesimo</span> <span class='ocrx_word' id='word_1_231' title='bbox 1568 4019 1801 4094; x_wconf 88' lang='lat' dir='ltr'>ducentesimo</span> <span class='ocrx_word' id='word_1_232' title='bbox 1821 4021 1997 4113; x_wconf 85' lang='lat' dir='ltr'>XXXllll,</span> 
     </span>
     <span class='ocr_line' id='line_1_28' title="bbox 596 4143 2000 4240; baseline -0.002 -18"><span class='ocrx_word' id='word_1_233' title='bbox 596 4144 702 4222; x_wconf 82' lang='lat' dir='ltr'>torcio</span> <span class='ocrx_word' id='word_1_234' title='bbox 731 4164 840 4217; x_wconf 91' lang='lat' dir='ltr'>nouas</span> <span class='ocrx_word' id='word_1_235' title='bbox 862 4144 960 4237; x_wconf 88' lang='lat' dir='ltr'>julii,</span> <span class='ocrx_word' id='word_1_236' title='bbox 986 4144 1174 4220; x_wconf 91' lang='lat' dir='ltr'>indictione</span> <span class='ocrx_word' id='word_1_237' title='bbox 1201 4143 1365 4238; x_wconf 89' lang='lat' dir='ltr'>septima,</span> <span class='ocrx_word' id='word_1_238' title='bbox 1397 4165 1488 4218; x_wconf 91' lang='lat' dir='ltr'>anno</span> <span class='ocrx_word' id='word_1_239' title='bbox 1515 4164 1599 4216; x_wconf 91' lang='lat' dir='ltr'>vero</span> <span class='ocrx_word' id='word_1_240' title='bbox 1624 4144 1722 4236; x_wconf 87' lang='lat' dir='ltr'>regni</span> <span class='ocrx_word' id='word_1_241' title='bbox 1749 4145 1855 4217; x_wconf 90' lang='lat' dir='ltr'>nostri</span> <span class='ocrx_word' id='word_1_242' title='bbox 1879 4155 2000 4240; x_wconf 91' lang='lat' dir='ltr'>quarto</span> 
     </span>
     <span class='ocr_line' id='line_1_29' title="bbox 595 4267 744 4341; baseline 0 0"><span class='ocrx_word' id='word_1_243' title='bbox 595 4267 744 4341; x_wconf 92' lang='lat' dir='ltr'>decimo.</span> 
     </span>
    </p>

    <p class='ocr_par' dir='ltr' id='par_1_5' title="bbox 642 4389 1834 4488">
     <span class='ocr_line' id='line_1_30' title="bbox 642 4389 1834 4488; baseline -0.003 -25"><span class='ocrx_word' id='word_1_244' title='bbox 642 4394 767 4465; x_wconf 89' lang='lat' dir='ltr'>Datum</span> <span class='ocrx_word' id='word_1_245' title='bbox 781 4391 878 4488; x_wconf 87' lang='lat' dir='ltr'>apud</span> <span class='ocrx_word' id='word_1_246' title='bbox 890 4390 1133 4482; x_wconf 71' lang='lat' dir='ltr'>aldenburch,</span> <span class='ocrx_word' id='word_1_247' title='bbox 1153 4411 1263 4481; x_wconf 89' lang='lat' dir='ltr'>anno,</span> <span class='ocrx_word' id='word_1_248' title='bbox 1279 4411 1414 4482; x_wconf 89' lang='lat' dir='ltr'>meuse,</span> <span class='ocrx_word' id='word_1_249' title='bbox 1431 4389 1620 4463; x_wconf 89' lang='lat' dir='ltr'>indictione</span> <span class='ocrx_word' id='word_1_250' title='bbox 1636 4392 1834 4486; x_wconf 86' lang='lat' dir='ltr'>prenotatis.</span> 
     </span>
    </p>

    <p class='ocr_par' dir='ltr' id='par_1_6' title="bbox 643 4512 2000 4611">
     <span class='ocr_line' id='line_1_31' title="bbox 643 4512 2000 4611; baseline 0 -25"><span class='ocrx_word' id='word_1_251' title='bbox 643 4515 789 4610; x_wconf 90' lang='lat' dir='ltr'>Signum</span> <span class='ocrx_word' id='word_1_252' title='bbox 803 4515 934 4590; x_wconf 93' lang='lat' dir='ltr'>domiui</span> <span class='ocrx_word' id='word_1_253' title='bbox 950 4515 1099 4590; x_wconf 87' lang='lat' dir='ltr'>Heinrici</span> <span class='ocrx_word' id='word_1_254' title='bbox 1112 4516 1342 4588; x_wconf 86' lang='lat' dir='ltr'>Romanorum</span> <span class='ocrx_word' id='word_1_255' title='bbox 1355 4513 1447 4608; x_wconf 89' lang='lat' dir='ltr'>regis</span> <span class='ocrx_word' id='word_1_256' title='bbox 1461 4513 1691 4588; x_wconf 86' lang='lat' dir='ltr'>invictissimi.</span> <span class='ocrx_word' id='word_1_257' title='bbox 1710 4512 2000 4611; x_wconf 77' lang='lat' dir='ltr'>(llonopramma.)</span> 
     </span>
    </p>
   </div>
   <div class='ocr_carea' id='block_1_3' title="bbox 0 0 2436 6356">
    <p class='ocr_par' dir='ltr' id='par_1_7' title="bbox 0 0 2436 6356">
     <span class='ocr_line' id='line_1_32' title="bbox 0 0 2436 6356; baseline 0 0"><span class='ocrx_word' id='word_1_258' title='bbox 0 0 2436 6356; x_wconf 95' lang='lat' dir='ltr'> </span> 
     </span>
    </p>
   </div>
  </div>
 </body>
</html>
