4859 6359
375 743 475 806 burun.
491 737 535 824 9.]
824 737 1020 803 HISTORIA
1044 737 1340 822 ulruounl'tctt.
1728 743 1789 808 793

423 877 463 950 ln
480 873 622 950 nomine
638 881 755 948 sancte
770 881 806 946 et
828 872 1014 948 individue
1026 873 1211 949 Trinitatis.
1233 872 1434 950 Fredcricus
1448 875 1642 966 secundus,
1664 875 1784 952 divina
1803 906 1806 912 ·

375 999 514 1072 buente
532 996 714 1070 clementia
728 997 959 1070 Romanorum
974 997 1158 1094 imperator
1177 1018 1314 1094 semper
1336 1007 1524 1094 eumuna,
1543 999 1734 1072 Jerusalem
1749 1011 1786 1075 et

375 1123 490 1196 Sicilie
515 1141 592 1196 rex,
621 1119 813 1217 lmpsrialis
839 1121 1043 1195 excellentie
1070 1120 1223 1216 dignitas
1249 1129 1334 1194 tnnc
1360 1142 1444 1197 vere
1469 1120 1616 1196 landum
1641 1144 1784 1196 enarum

374 1245 494 1320 titulos
515 1243 658 1340 ampliat
678 1251 715 1318 et
737 1243 887 1317 nominis
903 1244 959 1318 sui
978 1245 1106 1318 lamam
1131 1244 1287 1334 extollit,
1306 1267 1386 1318 cum
1403 1268 1443 1320 ee
1463 1244 1620 1319 bdelium
1641 1267 1782 1320 suorum

374 1367 598 1465 petitionibus
619 1365 853 1441 favorabiliter
868 1367 1030 1457 exbibet,
1048 1367 1085 1439 in
1101 1366 1169 1440 hiis
1189 1367 1356 1464 precipue
1367 1391 1431 1466 per
1444 1391 1514 1466 que
1529 1369 1781 1444 venerabilium

375 1491 528 1564 locorum
552 1489 734 1564 commoda
758 1499 1005 1586 procurantur,
1034 1490 1117 1586 quia
1142 1491 1240 1585 qnod
1262 1492 1324 1564 uni
1353 1494 1527 1566 confertur
1550 1493 1597 1566 ob
1623 1494 1784 1566 meritum

374 1612 627 1688 transfunditur
650 1611 698 1688 ad
724 1613 811 1686 alios
837 1635 900 1709 per
922 1609 1136 1710 exemplum.
1164 1613 1353 1708 Eapropter
1378 1625 1498 1688 notum
1529 1615 1677 1688 tacimus
1704 1617 1784 1688 uni·

373 1738 484 1812 uersis
502 1747 572 1811 tam
590 1737 808 1834 presentibus
831 1759 938 1832 quam
959 1737 1085 1810 tuturis
1100 1735 1196 1831 qnod
1219 1737 1322 1811 irater
1344 1739 1561 1812 Hermannus
1578 1739 1784 1814 venerabilis

374 1863 537 1957 magister
558 1860 738 1958 hospitalis
754 1863 879 1935 Sancte
905 1859 1013 1934 blarie
1036 1859 1324 1934 Tbeutonioornm
1349 1861 1386 1934 iu
1408 1862 1616 1951 Jerusalem,
1637 1862 1784 1936 dilectus

375 1983 487 2058 tidelis
509 1995 637 2078 noster,
658 1985 695 2056 in
721 1993 839 2058 nostra
865 1983 1036 2080 presentia
1064 1983 1288 2075 constitutus,
1310 1983 1463 2059 ostendit
1487 1985 1589 2058 nobis
1618 1987 1783 2081 scriptum

375 2108 551 2204 quoddam
569 2130 676 2181 manu
696 2107 836 2204 publice
857 2115 892 2180 et
909 2105 1055 2202 ydoneis
1074 2106 1220 2180 testibus
1236 2107 1451 2198 roboratum,
1474 2109 1510 2182 in
1533 2131 1605 2203 quo
1623 2111 1784 2184 contine-

373 2233 477 2306 batur
493 2233 641 2328 qualiter
657 2231 866 2305 bertrandus
879 2231 1031 2304 Porcalet
1048 2239 1083 2304 et
1100 2231 1243 2304 lsabclla
1261 2253 1352 2306 uxor
1367 2254 1433 2306 sua
1449 2231 1496 2306 de
1510 2235 1631 2307 Benem
1643 2232 1695 2331 (o)
1712 2233 1784 2308 lilia

373 2355 550 2452 quondam
569 2355 718 2454 Philippi
734 2353 827 2444 Rufi,
843 2355 881 2427 in
902 2354 1072 2450 presentia
1090 2354 1251 2428 Richardi
1267 2357 1449 2452 Filangerii
1466 2360 1662 2450 marscalci,
1682 2361 1783 2452 regui

373 2480 643 2577 ierosolymitani
664 2479 772 2572 bajoli
793 2487 828 2552 et
842 2477 947 2571 legati
969 2477 1104 2572 imperii
1123 2478 1158 2549 in
1178 2478 1336 2574 partibus
1352 2481 1464 2576 Syrie,
1480 2479 1595 2555 tidelis
1607 2483 1731 2573 nostri,
1749 2492 1786 2556 et

373 2605 518 2678 aliorum
534 2603 702 2678 nobilium
729 2603 827 2698 regui
846 2602 955 2676 nostri
979 2601 1272 2698 ierosolymitani,
1298 2601 1344 2676 de
1366 2603 1458 2678 bona
1478 2614 1514 2678 et
1542 2606 1691 2697 gratuita
1715 2627 1785 2679 vo·

373 2727 503 2800 luntate
527 2727 680 2823 ipsorum
699 2725 872 2800 dederunt
888 2725 922 2797 in
951 2725 1183 2820 elemosynam
1209 2735 1245 2798 et
1266 2725 1502 2800 vendiderunt
1524 2727 1619 2799 tratri
1637 2727 1785 2801 Ludollo

373 2861 454 2924 tunc
471 2851 636 2947 temporis
656 2849 845 2947 preceptori
871 2847 1025 2945 predicte
1048 2848 1171 2922 domus
1193 2848 1372 2944 hospitalis
1394 2850 1518 2922 Sancte
1538 2850 1647 2923 Mario
1664 2851 1785 2926 Then-

373 2977 561 3048 toniccrum
578 2974 868 3069 lerosolymitane,
886 2972 1064 3067 recipienti
1084 2973 1159 3046 loco
1176 2981 1212 3046 et
1224 2973 1304 3065 jure
1319 2972 1428 3069 ipsius
1441 2972 1566 3046 domus
1577 2983 1612 3046 et
1628 2976 1783 3070 magistri

373 3098 439 3191 eni,
459 3098 531 3172 duo
547 3098 689 3184 casalia,
709 3095 873 3172 uidelicet
885 3095 1047 3170 Arabiam
1063 3105 1099 3169 et
1115 3095 1321 3170 Zeehaniam
1336 3095 1401 3193 (b),
1417 3118 1498 3170 cum
1515 3098 1677 3170 omnibus
1697 3121 1784 3195 per-

373 3222 523 3296 tinentiis
544 3232 580 3296 et
598 3223 742 3316 justitiis
766 3220 985 3313 eorumdem,
1006 3220 1150 3315 gentinis
1169 3221 1274 3316 etiarn
1297 3219 1494 3308 Berbenne,
1519 3220 1672 3311 Medera,
1699 3223 1783 3296 llis·

372 3346 475 3443 lslyn
488 3369 569 3420 cum
582 3347 719 3420 villanis
737 3345 970 3441 predictorum
985 3343 1148 3416 casalium
1167 3353 1201 3417 ot
1218 3345 1428 3435 gastinarnm
1443 3343 1595 3439 ipsarum
1611 3353 1780 3418 eteorum

372 3471 542 3544 uxoribus
566 3491 608 3544 ac
624 3468 724 3563 filiis,
744 3470 845 3543 terris
869 3467 1030 3542 laboratis
1047 3477 1081 3540 et
1098 3487 1168 3540 non
1193 3467 1376 3558 laboratis,
1396 3467 1588 3558 montibus,
1611 3468 1779 3560 vallibus,

371 3593 495 3688 planis,
511 3594 730 3686 nemoribus,
747 3594 846 3688 aquis
868 3601 903 3666 et
924 3591 1078 3688 pascuis,
1099 3591 1247 3688 receptis
1270 3589 1402 3664 exinde
1423 3590 1470 3664 ab
1491 3589 1616 3664 eodem
1635 3613 1781 3689 precep-

372 3725 443 3792 tore
459 3717 598 3792 nomine
617 3717 710 3792 dicte
736 3717 861 3792 domne
877 3715 1056 3814 hospitalis
1079 3715 1189 3788 tribus
1206 3714 1360 3787 millibus
1376 3722 1412 3788 et
1427 3713 1643 3807 noningentis
1661 3715 1778 3788 bisan-

371 3839 427 3913 tiis
452 3843 695 3936 sarracenatis,
715 3843 761 3917 ad
782 3840 983 3916 babendum
999 3849 1033 3912 nt
1051 3837 1299 3934 possidendum
1314 3837 1437 3912 eadem
1457 3838 1682 3912 casaliacum
1700 3862 1782 3935 gae·

371 3963 450 4037 tinis
465 3974 500 4038 et
514 3967 676 4041 omnibus
690 3965 889 4040 bominibus
902 3987 943 4038 ac
960 3964 1157 4038 tenimentis
1171 3985 1291 4038 eorum
1308 3963 1410 4059 pleno
1427 3964 1507 4056 jure
1522 3960 1667 4036 dominii
1682 3975 1717 4038 ct
1733 3965 1782 4041 ad

371 4087 566 4164 laciendum
580 4112 627 4164 ex
643 4091 775 4164 eisdem
802 4090 974 4164 casalibus
997 4087 1167 4184 quicquid
1184 4087 1306 4179 velint,
1323 4096 1427 4184 prout
1440 4087 1506 4159 hec
1523 4095 1559 4160 st
1574 4087 1642 4160 alia
1665 4087 1779 4183 ipsum

370 4211 633 4286 instrumentum
651 4215 849 4312 expressius
862 4213 1071 4287 continebat.
1090 4213 1234 4309 Propter
1248 4211 1346 4307 quod
1362 4211 1473 4285 dictus
1488 4211 1651 4304 magister
1664 4222 1780 4286 nostre

369 4335 565 4408 celsitudini
591 4338 799 4434 supplicavit
812 4347 851 4409 nt
865 4336 1083 4411 donationem
1098 4343 1133 4408 et
1144 4333 1380 4408 venditionem
1397 4334 1509 4430 ipsam
1525 4334 1592 4406 eibi
1605 4345 1641 4406 et
1657 4333 1778 4407 domui

367 4479 431 4531 eue
448 4460 589 4554 factam,
610 4471 713 4558 prout
735 4462 895 4560 superius
915 4461 1122 4551 continetur,
1138 4468 1247 4534 ratam
1269 4460 1398 4533 babere
1417 4468 1451 4532 et
1472 4456 1674 4530 confirmare
1695 4479 1777 4553 per·

367 4590 472 4677 petuo
493 4582 728 4678 dignaremur.
745 4586 817 4660 Nos
832 4585 938 4680 igitur
958 4584 1173 4660 attendentes
1195 4592 1293 4680 grata
1313 4584 1390 4676 ejus
1415 4590 1450 4656 et
1475 4589 1613 4677 accepta
1635 4582 1778 4656 servitia

408 4740 452 4823 (a)
472 4743 555 4806 Allan
567 4743 603 4805 dc
616 4747 720 4810 Barea

410 4845 452 4928 (l)
472 4847 555 4912 Allan
568 4849 744 4915 Zecdout‘om
754 4855 817 4917 stae
829 4853 1014 4918 thdana‘om.

446 4955 501 5018 tv.
521 4969 613 5018 rma
1564 4967 1622 5021 ¹⁰0
