4859 6359
1127 767 1300 832 uruntur
1324 769 1493 832 surrrur
1826 770 1906 857 [aas
1924 768 2011 834 raas

440 1420 541 1573 „pp
660 1399 866 1508 llenricus,
892 1399 1152 1484 Romanorum
1178 1425 1268 1509 rex,
1292 1400 1537 1484 donationem
1562 1398 1682 1510 partis
1708 1421 1801 1484 suae
1825 1398 1867 1481 iu
1893 1406 2019 1482 metro

413 1531 443 1573 '⁴
475 1528 567 1573 Μ
611 1532 860 1643 Caluenberg
891 1531 1069 1617 ecclesiae
1098 1532 1360 1644 Herbipolensi
1390 1533 1484 1617 olim
1515 1557 1539 1616 a
1566 1532 1774 1618 selectam
1794 1531 1952 1618 innovat
1981 1541 2020 1616 et

608 1667 821 1753 confirmat.

690 1909 788 1987 (Edit.
801 1925 851 1988 ap.
866 1910 995 1970 itonam.
1009 1907 1104 1982 Boia,
1117 1911 1192 1968 tom.
1206 1905 1324 1981 llxlll,
1338 1921 1409 1984 pars
1423 1915 1461 1981 t·,
1476 1923 1508 1986 p.
1525 1915 1595 1983 ott,
1613 1906 1719 1970 elilrro
1734 1919 1797 1986 cop.
1812 1905 1918 1970 eccles.
1933 1907 2020 1969 wli*

728 2015 850 2095 mburg.
870 2047 912 2062 -
931 2014 1100 2088 Smuurus,
1125 2009 1246 2094 alate.
1271 2009 1477 2096 hadamari.
1499 2009 1699 2095 Μηδικὰ,
1721 2032 1752 2094 p.
1776 2023 1829 2090 to,
1857 2022 1893 2076 n·
1912 2021 1959 2076 to.
1979 2043 2019 2058 -

729 2123 840 2197 laeua,
855 2119 951 2184 dact
966 2119 1016 2182 des
1026 2117 1264 2198 Franlcalcadr,
1279 2126 1304 2182 t.
1318 2120 1376 2196 111,
1390 2137 1420 2202 p.
1439 2119 1522 2202 tot.)

659 2335 828 2408 ilenricus
849 2333 1036 2429 septimus,
1059 2334 1122 2409 Dei
1149 2335 1260 2430 gratia
1281 2335 1512 2410 Romanorum
1532 2356 1595 2409 rex
1621 2345 1657 2410 et
1679 2355 1816 2431 semper
1836 2343 2018 2430 augustus.

611 2461 775 2534 Noverint
792 2459 946 2532 universi
960 2469 1136 2554 presentes
1151 2482 1193 2532 ae
1213 2459 1340 2556 posteri
1358 2459 1463 2553 hunius
1480 2451 1607 2554 pagine
1622 2460 1832 2556 inspectores
1846 2459 1942 2554 quod
1959 2479 2023 2532 nos

613 2585 694 2657 olim
703 2582 953 2657 adinstantiam
961 2583 1086 2655 nobilis
1098 2583 1165 2656 viri
1173 2584 1212 2655 B.
1223 2579 1275 2682 (a)
1283 2584 1417 2657 comitis
1426 2583 1472 2658 de
1479 2582 1745 2674 Hennenberch,
1757 2582 2024 2678 recognovimus

614 2717 650 2782 ct
667 2707 843 2804 pmtestati
865 2699 995 2779 luimus
1016 2728 1077 2801 per
1093 2707 1225 2780 litteras
1245 2716 1379 2781 nostras
1398 2728 1462 2780 nos
1483 2705 1589 2780 nichil
1602 2709 1691 2800 juris
1711 2706 1840 2792 habere
1858 2707 1895 2779 iu
1913 2715 2025 2783 castro

613 2832 840 2924 Calwenberg
859 2831 917 2903 vel
933 2832 1010 2923 ejus
1027 2830 1232 2919 attinentiis,
1252 2839 1288 2904 et
1303 2830 1334 2903 si
1349 2829 1435 2926 quid
1445 2830 1534 2930 juris
1551 2817 1629 2904 sive
1646 2832 1683 2918 iu
1703 2839 1774 2904 toto
1787 2832 1862 2904 sive
1875 2830 1912 2902 iu
1928 2839 2026 2925 parte

618 2933 774 3050 ejusdem
790 2955 891 3029 castri
907 2957 964 3028 vel
982 2957 1055 3028 suis
1070 2955 1258 3030 attinentiis
1275 2954 1474 3048 habuimus,
1491 2954 1665 3048 dedimus,
1680 2955 1890 3031 donavimus
1905 2964 1940 3030 ot
1957 2964 2025 3028 tra-

613 3079 767 3154 didimus
783 3079 1021 3174 Herbipolensi
1045 3079 1206 3164 ecclesie;
1228 3087 1263 3152 et
1280 3099 1375 3151 nuuc
1395 3079 1506 3175 ipsam
1527 3078 1794 3170 recognitionem
1810 3088 1845 3153 et
1858 3087 2025 3175 protesta-

615 3203 743 3278 tionem
760 3225 823 3300 per
845 3223 910 3276 uos
932 3214 1014 3275 tunc
1030 3203 1152 3276 iactam
1171 3212 1206 3275 et
1221 3201 1442 3277 donationem
1457 3224 1562 3298 quam
1581 3212 1664 3276 tuno
1681 3203 1839 3279 similiter
1857 3203 2025 3294 fecimus,

615 3350 676 3426 per
699 3339 874 3426 presentes
893 3327 1021 3401 litteras
1044 3329 1263 3401 innovamus.
1296 3330 1441 3425 lusupcr
1462 3329 1508 3404 ob
1535 3329 1686 3404 favorem
1715 3328 1832 3411 dilecti
1864 3327 2028 3424 principis

616 3453 723 3526 nostri
740 3451 948 3525 venerahilis
963 3453 1220 3547 llerhipoleusis
1239 3451 1407 3552 episcopi,
1419 3451 1510 3526 sicut
1522 3452 1697 3548 quidquid
1707 3452 1795 3545 juris
1810 3453 1940 3533 sivein
1956 3460 2027 3526 toto

617 3556 674 3652 uel
692 3576 729 3648 iu
750 3588 847 3671 parte
868 3568 1015 3671 predicti
1034 3576 1136 3648 castri
1151 3577 1206 3648 vel
1225 3577 1297 3665 suis
1312 3577 1502 3650 attinentiis
1519 3577 1706 3658 habuimus
1723 3571 1788 3674 [et]
1805 3577 1949 3650 ecclesie
1965 3597 2029 3652 sue

616 3701 825 3774 contulimus
843 3698 1137 3799 quemadmodum
1164 3701 1326 3796 superius
1345 3701 1555 3797 continetur,
1574 3701 1627 3774 sic
1649 3709 1683 3773 et
1707 3721 1784 3782 eam
1802 3711 1932 3796 partem
1949 3721 2029 3774 cum

617 3825 691 3896 suis
708 3823 923 3919 pertinentiis
937 3822 1110 3896 universis
1121 3843 1191 3917 que
1200 3821 1246 3896 ad
1265 3845 1329 3896 uos
1342 3823 1537 3897 crederetur
1555 3823 1694 3898 forsitan
1707 3824 1892 3920 pertinere,
1913 3824 2031 3898 sibiet

619 3947 762 4022 ecclesie
783 3947 900 4019 suein
928 3947 1170 4042 proprietatem
1191 3957 1225 4020 et
1245 3949 1306 4041 jus
1328 3956 1532 4044 perpetuum
1554 3947 1695 4032 damus,
1720 3948 1890 4021 tradimus
1907 3957 1942 4021 et
1960 3947 2030 4021 do-

621 4091 758 4162 namus,
776 4069 866 4142 hanc
884 4071 1029 4162 gratiam
1046 4070 1114 4143 sibi
1131 4071 1257 4143 laetam
1276 4071 1426 4166 presenti
1443 4079 1560 4144 nostro
1574 4071 1758 4166 privilegio
1776 4069 2026 4144 confirmantes.

669 4196 786 4268 Testes
812 4195 917 4287 hujus
946 4195 996 4268 rei
1018 4204 1132 4267 sunt:
1158 4195 1195 4267 C.
1224 4195 1406 4292 Spyrensis
1432 4195 1634 4291 episcopus,
1664 4194 1851 4279 Laudollus
1874 4195 2031 4270 Worma·

620 4320 747 4392 ciensis
769 4322 912 4410 electus,
930 4317 1201 4413 Thegeuhardus
1222 4319 1410 4413 imperialis
1427 4320 1508 4392 aule
1529 4319 1793 4414 protonotarius,
1810 4317 1970 4392 Albertus
1985 4317 2032 4392 de

621 4417 774 4537 Vipeche
788 4441 1094 4537 Magdeburgensis
1115 4439 1360 4540 [prepositus],
1383 4441 1563 4515 Heinricus
1578 4442 1730 4515 marchio
1755 4443 1800 4515 de
1816 4441 2033 4515 Burchouwo

620 4565 803 4662 (Burgau),
820 4567 1015 4639 Guntherus
1034 4565 1323 4662 deKeveruberg,
1343 4565 1522 4640 Heinrious
1537 4567 1655 4664 junior
1672 4564 1717 4642 de
1735 4567 1943 4660 Suarzburg,
1961 4565 2034 4638 Fri·

622 4689 760 4763 dericus
779 4690 824 4763 de
845 4691 1086 4786 Bichelingen,
1113 4693 1274 4782 comites,
1298 4691 1477 4766 Heinricus
1510 4689 1555 4767 de
1579 4691 1804 4785 Rubensburg
1827 4690 2035 4766 camerarius

592 4997 595 5004 ‚
662 4889 707 4972 (a)
727 4891 843 4954 scum
860 4893 1016 4974 coppam
