4859 6359
384 760 484 821 lunum
499 758 543 837 9.]
830 758 1026 821 HISTORIA
1049 760 1339 825 olruostaulca
1727 766 1788 829 879

383 900 589 986 sequuntur,
606 916 716 987 mum
730 914 800 967 non
815 894 915 967 nobis
926 896 1053 987 solnm,
1067 897 1131 971 sed
1141 900 1256 974 Decet
1268 898 1432 973 catholice
1445 896 1528 971 fidei
1542 906 1576 969 et
1587 898 1653 993 ipsi
1667 908 1790 973 nature

382 1036 541 1108 guerram
559 1028 716 1109 movent,
733 1038 797 1091 nos
813 1028 928 1093 tamen
939 1019 1023 1091 utile
1033 1022 1293 1095 essecredimus
1307 1042 1387 1095 cum
1401 1020 1593 1113 adjectione
1606 1023 1787 1115 cujusdam

382 1138 617 1213 admirationis
632 1141 760 1214 eximie
776 1141 896 1215 litteris
913 1141 1116 1235 Apostolicis
1129 1141 1420 1239 respondere(l);
1437 1144 1483 1217 ad
1493 1145 1586 1241 quod
1603 1146 1654 1243 (o)
1667 1170 1785 1242 procos

382 1286 471 1360 pape
487 1286 556 1337 non
574 1264 790 1338 solummodo
807 1287 872 1337 nos
886 1264 1076 1357 inducunt,
1094 1268 1157 1341 sed
1172 1269 1293 1342 lortius
1310 1290 1414 1341 causa
1426 1288 1585 1363 precum,
1605 1270 1689 1343 dum
1706 1293 1785 1367 pro·

380 1410 518 1465 mum
534 1396 690 1461 nostrum
706 1388 742 1461 in
758 1389 907 1480 ltaliam,
923 1412 1028 1482 quem
1043 1390 1163 1465 odiose
1175 1392 1327 1486 quodam
1343 1413 1467 1486 guerre
1483 1392 1652 1465 vocabulo
1667 1394 1783 1469 deno-

381 1522 454 1586 tare
467 1513 558 1585 velle
576 1512 731 1602 videtur,
761 1514 939 1586 occasione
963 1515 1093 1607 negotii
1121 1516 1223 1589 Terre
1245 1518 1368 1589 Sancte
1396 1516 1559 1609 suspendi
1579 1518 1714 1610 rogavit
1737 1519 1783 1593 ad

380 1658 533 1731 presens.
551 1635 622 1712 Sed
643 1644 683 1707 nt
699 1634 840 1709 firmiter
862 1635 1102 1727 confiteamur,
1130 1639 1207 1711 licet
1232 1638 1376 1711 evidens
1396 1635 1468 1737 [sit]
1485 1639 1589 1711 nostri
1606 1660 1784 1734 processus

380 1760 523 1833 intentio
540 1781 645 1853 quem
663 1758 709 1831 ad
725 1759 829 1831 nichil
846 1760 943 1832 aliud
961 1760 1153 1835 direximus
1173 1763 1239 1835 nisi
1260 1773 1298 1833 nt
1317 1761 1477 1833 crucifixi
1497 1763 1671 1854 negotium
1685 1786 1783 1837 assu-

379 1905 530 1972 mamus,
550 1882 646 1976 quod
663 1884 839 1976 provocari
855 1882 1019 1959 directius
1030 1905 1098 1956 non
1112 1886 1242 1987 valeret
1257 1907 1361 1979 quam
1373 1886 1492 1979 vigore
1505 1886 1636 1977 justitie
1654 1888 1782 1981 pacatis

380 2006 535 2101 undique
550 2007 690 2101 populis
703 2016 739 2079 et
751 2007 886 2102 imperii
903 2009 1008 2080 nostri
1032 2009 1166 2081 viribus
1184 2010 1280 2103 quod
1302 2018 1354 2083 est
1376 2010 1411 2079 in
1430 2019 1500 2081 tam
1518 2010 1624 2081 nobili
1643 2012 1782 2105 regione

379 2130 538 2203 dirutum
553 2130 630 2227 (sic)
653 2130 748 2204 etde
772 2132 872 2223 cujus
890 2154 997 2203 manu
1019 2142 1110 2205 terra
1132 2133 1348 2227 potissimum
1366 2134 1571 2227 prestolatur
1587 2135 1780 2227 auxilium,

379 2255 414 2325 in
428 2255 601 2350 integrum
619 2255 799 2345 restitutis,
818 2276 888 2327 nou
906 2276 1030 2348 guerre
1043 2256 1182 2329 nomine
1197 2256 1318 2329 debuit
1335 2265 1404 2327 tam
1421 2257 1557 2330 salubre
1570 2260 1782 2353 propositum

379 2377 548 2469 denotari,
564 2379 628 2453 sed
635 2379 726 2473 iuris
735 2379 897 2452 executio
913 2380 1041 2474 potins,
1061 2400 1167 2473 aqua
1179 2380 1292 2452 omnis
1304 2380 1400 2451 abest
1413 2380 1550 2472 injuria,
1571 2383 1777 2476 nuncupari.

377 2503 560 2596 Nunquam
578 2504 671 2575 enim
699 2504 922 2577 intentionem
949 2525 1039 2599 pape
1060 2504 1162 2577 telem
1190 2526 1266 2577 esse
1288 2504 1461 2577 credimus
1487 2505 1583 2598 quod
1604 2507 1783 2581 occasione

378 2627 595 2699 transmarini
610 2627 739 2720 negotii
751 2626 894 2701 deberet
905 2627 1043 2719 justicie
1055 2627 1193 2721 gladius
1208 2627 1371 2699 hebetari.
1388 2628 1474 2699 Nam
1494 2637 1527 2699 et
1545 2638 1620 2721 post
1635 2629 1783 2703 edictam

378 2750 654 2823 constitutionem
678 2752 853 2843 eamdem,
883 2751 1134 2823 contumaciam
1157 2752 1388 2823 Romanorum
1407 2751 1486 2841 jura
1502 2750 1651 2823 Ecclesie
1676 2773 1781 2824 usur-

377 2873 922 2967 pantium,requireutellcclesia‚
932 2896 1002 2947 non
1013 2872 1496 2968 dimisimusimpunitam.Sic
1509 2872 1654 2967 quilibet
1664 2883 1782 2947 contra
1840 2899 1852 2914 ·

377 3018 440 3069 nos
457 3006 491 3069 et
510 2996 693 3092 imperium
715 3007 829 3092 posset
850 2998 1051 3071 calcaneum
1074 2974 1311 3069 indevocionis
1327 2998 1473 3090 erigere,
1496 2997 1546 3068 sic
1564 3010 1677 3091 posset
1695 2999 1781 3092 qui-

376 3120 459 3191 libet
475 3120 615 3215 rapinas
629 3130 664 3191 et
678 3120 767 3193 furta
780 3142 821 3193 ac
834 3121 990 3216 quelibet
1003 3121 1132 3193 scelera
1146 3128 1357 3215 perpetrare,
1381 3119 1445 3191 sed
1459 3142 1656 3193 mucronem
1676 3143 1780 3215 quem

377 3243 422 3316 de
439 3266 543 3317 mann
559 3246 622 3319 Dei
633 3245 679 3319 ad
692 3245 859 3319 bonorum
871 3244 1011 3319 laudem
1023 3254 1057 3318 et
1074 3244 1263 3317 vindictam
1282 3244 1538 3317 malefactorum
1560 3244 1775 3339 accepimus,

376 3368 561 3461 evaginare
585 3378 764 3464 propterea
796 3391 867 3441 non
892 3390 1083 3464 possemus.
1116 3368 1188 3441 Nec
1213 3368 1325 3461 magis
1355 3364 1400 3463 (d)
1426 3367 1607 3439 lombardi
1633 3369 1779 3463 predicti

375 3514 486 3585 quum
503 3493 646 3589 imperio
668 3502 785 3567 nostro
808 3494 953 3587 subjecti
980 3494 1081 3567 nobis
1106 3492 1251 3565 dominii
1279 3493 1430 3565 referunt
1451 3492 1683 3584 questionem,
1712 3494 1778 3564 nisi

375 3615 471 3710 quod
484 3618 564 3709 jura
582 3618 716 3711 imperii
735 3618 841 3691 nostri
858 3618 1104 3690 contumaciter
1118 3616 1315 3705 retinentes,
1339 3614 1458 3687 taciem
1477 3623 1647 3703 nostram,
1672 3636 1777 3707 quam

376 3738 555 3835 pacificam
582 3741 668 3837 ipsis
690 3742 883 3827 voluimus,
914 3748 1234 3833 quantumcumque
1257 3760 1336 3811 cum
1364 3722 1498 3831 imperii
1525 3738 1629 3808 nostri
1650 3737 1779 3810 honore

375 3884 558 3957 possumm
572 3865 733 3955 tolerare,
754 3885 820 3937 nec
835 3864 958 3935 volunt
976 3864 1093 3937 devoti
1110 3864 1294 3958 respicere,
1315 3882 1378 3933 nec
1409 3869 1551 3955 possunt
1575 3882 1635 3953 pro
1660 3862 1780 3933 timore

372 3987 504 4077 justitie
518 3996 673 4080 spectare
682 3987 809 4060 securi.
828 3988 899 4060 Hec
916 3988 1021 4077 igitur
1034 3987 1151 4060 omnia
1169 3986 1267 4059 vobis
1280 3996 1349 4058 tam
1366 3985 1465 4077 plane
1482 4006 1587 4076 quam
1605 3985 1705 4078 plene
1717 4006 1781 4057 sa-

375 4110 528 4203 tiataque
542 4110 706 4182 relatione
717 4110 992 4205 transcripsimus
1006 4120 1045 4181 ut
1058 4111 1104 4182 ad
1123 4110 1300 4181 scientiam
1321 4117 1355 4181 et
1375 4107 1615 4180 conscientiam
1632 4116 1780 4180 vestram

375 4253 421 4304 ex
440 4240 511 4305 toto
537 4232 641 4305 corde
664 4234 867 4328 perveniant
891 4254 971 4304 cum
994 4242 1110 4305 nostra
1126 4234 1276 4326 justitia,
1306 4244 1340 4304 et
1363 4230 1458 4326 apud
1477 4226 1566 4327 [vos]
1581 4232 1695 4303 locum
1710 4253 1780 4302 non

312 4414 316 4423 '
416 4405 460 4486 (a)
481 4408 517 4468 ln
530 4408 737 4488 codiceqrurm.

416 4510 457 4591 (b)
479 4513 525 4573 lbi
538 4528 656 4592 quoque
668 4516 700 4574 in
715 4514 819 4575 codice
831 4512 976 4590 quaedam
989 4512 1107 4573 dsunt.

411 4774 448 4847 (t)
466 4775 524 4833 lloc
541 4790 700 4849 responsum
717 4790 849 4847 nusquam
872 4772 994 4839 iuvenire
1005 4772 1154 4847 potuimus,
1170 4771 1224 4829 nisi
1240 4770 1276 4829 sit
1292 4770 1344 4828 hoc
1361 4769 1538 4843 fragmentum
1551 4766 1636 4825 ltalia
1652 4766 1784 4825 leuato

374 4888 436 4930 meu
451 4879 499 4943 est,
513 4877 566 4929 etc.
583 4872 660 4942 Quod
676 4873 745 4930 intra
761 4872 917 4930 exhibemus
929 4889 957 4947 p.
971 4874 1034 4930 titt.
