4859 6359
373 810 480 872 trum
496 810 544 887 5.]
829 810 1031 879 1118101116,
1049 810 1344 875 btcnontt'rtcrt
1731 811 1794 873 559

375 969 470 1031 ram;
498 945 584 1041 quin
598 946 669 1021 imo
687 946 851 1019 volumus
871 956 912 1019 ut
937 950 1075 1044 penitus
1099 950 1145 1023 ab
1168 948 1224 1023 bis
1246 948 1490 1025 exactionibus
1512 949 1583 1020 sint
1593 948 1746 1044 exempti
1758 958 1793 1021 et

374 1069 536 1153 extracti,
552 1069 635 1164 quin
649 1069 762 1165 ipsam
776 1070 955 1145 ecclesiam
967 1071 1110 1167 speciali
1125 1072 1366 1169 amplectimur
1376 1072 1571 1147 devotione.
1588 1072 1792 1146 Mandantes

375 1194 596 1267 universitati
616 1202 730 1269 vestre
749 1190 810 1293 [66]
824 1196 1043 1291 pergratiam
1059 1205 1211 1271 noscam
1228 1195 1370 1271 firmiter
1378 1197 1605 1292 precipientes
1619 1206 1790 1292 quatenus

374 1318 420 1393 de
433 1318 568 1413 reliquo
583 1318 714 1391 nullam
735 1319 925 1414 precariam
942 1341 963 1393 a
979 1320 1054 1395 sale
1072 1342 1142 1415 qno
1160 1322 1319 1417 indigent
1340 1318 1490 1417 exigatis
1514 1324 1571 1396 vei
1592 1323 1786 1418 requiratis.

374 1442 477 1529 Quod
487 1444 550 1537 qui
565 1463 635 1517 non
648 1443 769 1516 iecerit
789 1442 1064 1539 indignationem
1077 1447 1322 1543 omnipotentis
1337 1449 1401 1522 Dei
1420 1456 1458 1522 66
1473 1450 1583 1523 nostri
1601 1470 1640 1522 se
1655 1449 1790 1522 noverit

375 1566 661 1641 certitudinaliter
672 1566 871 1643 incurrisse.

421 1693 546 1763 Datum
567 1689 663 1786 apud
678 1692 864 1786 Hagenau,
884 1714 977 1769 auno
992 1693 1167 1772 dominice
1188 1695 1433 1770 incarnationis
1452 1696 1701 1791 M.OE.XXX1,
1724 1699 1787 1771 XII

374 1816 537 1890 calendas
547 1816 717 1909 januarii,
737 1816 926 1893 indictione
938 1818 1072 1915 quinta.

586 2086 785 2102 *n*-

424 2376 629 2486 Henrious,
649 2378 910 2465 Romanorum
928 2404 1014 2487 rex,
1033 2378 1165 2463 villam
1182 2378 1365 2462 Tatiuriat
1383 2375 1531 2489 (Delie)
1554 2375 1604 2459 ab
1625 2376 1788 2487 Hugona
1829 2398 1976 2507 prpm'

371 2508 510 2594 abbata
536 2510 770 2597 Morbaoensi
797 2512 838 2594 in
865 2522 1012 2617 rectum
1039 2512 1198 2596 feudum
1222 2522 1404 2623 perpetuo
1429 2510 1700 2621 possidendam
1727 2535 1788 2593 ra·

372 2644 481 2756 cipit,
501 2670 546 2727 ea
564 2645 779 2731 conditione
797 2655 840 2729 ut
861 2646 1004 2731 ibidem
1021 2646 1205 2757 oppidum
1229 2654 1425 2729 construat
1445 2643 1556 2755 cujus
1581 2652 1786 2754 proventus

372 2778 581 2888 aequaliter
609 2806 698 2863 cum
733 2778 872 2863 abbata
907 2780 1067 2887 dividet,
1101 2806 1301 2889 nunquam
1332 2779 1569 2889 praedictum
1602 2777 1786 2887 oppidum

371 2937 615 3023 quocumque
632 2912 743 2998 titulo
760 2912 811 2997 ab
828 2912 987 3021 imperio
1005 2913 1252 2997 alienaturus.

1816 2507 1843 2551 st
1850 2506 1978 2551 ambas

452 3138 591 3221 (Edidcr.
615 3141 823 3221 scaenarum,
837 3138 934 3203 Alrnt.
950 3138 1114 3222 diplomat,
1138 3148 1162 3202 6.
1178 3142 1211 3220 l,
1234 3159 1265 3219 p.
1287 3150 1364 3216 666,
1387 3149 1421 3201 u·
1435 3149 1506 3214 466,
1521 3156 1560 3200 ex
1572 3138 1664 3199 tebni.
1679 3137 1785 3202 eccles,

491 3245 626 3308 Murbac.
640 3280 680 3292 -
693 3248 881 3322 Tuncrum,
895 3246 1027 3307 Monam.
1043 3242 1078 3307 dc
1091 3242 1180 3307 inor.
1195 3244 1292 3307 661611
1304 3242 1435 3324 6611616,
1449 3252 1473 3307 t.
1488 3246 1521 3319 1,
1535 3254 1569 3305 u⁰
1583 3240 1668 3324 666.)

419 3446 460 3517 16
475 3446 615 3518 nomine
631 3456 748 3519 sancta
767 3454 802 3519 et
822 3445 1004 3521 individue
1022 3444 1207 3518 Trinitatis.
1229 3446 1397 3519 Henricus
1417 3444 1536 3518 divina
1557 3444 1695 3517 favente
1714 3444 1784 3516 616-

372 3569 499 3642 mentia
523 3572 753 3644 Romanorum
780 3591 843 3643 rex
867 3578 902 3643 66
927 3592 1061 3667 semper
1086 3578 1267 3665 augustus.
1289 3570 1476 3664 Condignis
1501 3578 1582 3640 sunt
1607 3567 1785 3643 beneficiis

371 3693 563 3767 honorandi
580 3715 728 3789 quorum
742 3694 891 3769 servitus
908 3704 942 3767 et
960 3696 1133 3767 fructuosa
1148 3694 1317 3790 promotio
1338 3694 1511 3767 nostriset
1529 3693 1665 3789 imperii
1683 3716 1785 3767 com-

371 3816 485 3891 modis
508 3838 579 3891 non
605 3818 732 3892 desinit
753 3819 928 3893 insudare.
948 3820 1161 3916 Quapropter
1178 3819 1315 3894 noverit
1332 3828 1401 3891 tam
1426 3840 1566 3915 presens
1581 3827 1655 3893 otas
1677 3841 1783 3914 quam

371 3964 572 4015 successura
596 3944 777 4038 posteritas
799 3943 896 4039 quod
923 3943 1069 4017 dilectus
1089 3944 1251 4040 princeps
1281 3953 1396 4016 noster
1423 3944 1542 4037 Hngo,
1575 3943 1784 4017 venerabilis

370 4066 602 4141 Morbaceusis
618 4067 738 4159 abbas,
759 4067 805 4141 ad
822 4077 972 4141 nostram
991 4067 1174 4141 instantem
1192 4067 1392 4163 petitionem
1405 4066 1522 4138 villam
1536 4067 1698 4139 Tatiuriet
1713 4087 1783 4162 que

370 4210 450 4261 cum
480 4190 575 4263 omni
603 4190 796 4285 integritate
823 4202 857 4265 66
881 4190 1123 4285 jurisdictione
1151 4190 1198 4265 ad
1227 4190 1406 4264 ecclesiam
1434 4190 1611 4284 spectabat
1637 4190 1782 4261 bierba-

370 4334 522 4404 oeusem‚
541 4336 621 4388 cum
639 4315 831 4390 medietate
842 4317 997 4390 omnium
1019 4315 1195 4389 redituum
1213 4326 1248 4389 et
1262 4324 1492 4413 proventuum
1506 4311 1661 4405 ejusdem
1681 4312 1778 4403 61116,

371 4448 518 4535 excepto
532 4442 610 4533 jnre
618 4450 817 4536 patronatus
834 4442 979 4515 ecclesie
993 4450 1028 4515 et
1043 4441 1200 4531 decimis,
1220 4438 1366 4513 nobisin
1385 4446 1514 4512 rectum
1533 4437 1676 4511 seudum
1693 4458 1784 4509 con·

370 4564 449 4636 tulit
471 4565 579 4639 libere
602 4566 788 4645 tenendam
814 4574 849 4639 66
872 4575 1040 4663 perpetuo
1065 4564 1327 4663 possidendam,
1352 4565 1410 4635 tati
1435 4562 1598 4636 videlicet
1625 4572 1725 4658 pacto
1749 4572 1786 4636 et

372 4687 532 4761 condicto
549 4690 639 4761 utin
655 4688 1046 4765 loooeodemmunitum
1064 4690 1233 4787 oppidum
1251 4697 1502 4779 construamus,
1522 4694 1559 4760 66
1571 4708 1690 4761 omnes
1702 4708 1785 4785 pro·

371 4820 496 4883 ventus
510 4812 653 4905 judicii,
674 4815 905 4909 precariarum
923 4824 957 4889 et
974 4814 1195 4891 exactionum
1220 4836 1283 4887 seu
1308 4812 1566 4909 possessionum
1592 4812 1682 4886 infra
1706 4834 1786 4887 am-

373 4933 482 5008 bitum
504 4936 622 5033 oppidi
641 4939 808 5034 equaliter
836 4937 1035 5014 dividamus
1052 4961 1132 5013 oum
1160 4938 1286 5013 abbate
1309 4937 1451 5011 ecclesie
1469 4936 1722 5029 Murbacensis,
1750 4946 1785 5010 66
