4859 6359
448 3714 516 3765 Hagu
517 3724 587 3765 nnnnn

428 3769 455 3812 ²1
476 3767 609 3811 decembris.

636 806 696 866 558
1151 804 1324 866 HENlllCl
1348 801 1517 865 sessim
1851 808 1935 888 [llas.
1954 810 2040 873 1231.

634 962 750 1013 sorum
768 962 909 1014 suorum
923 941 1047 1037 inipso
1062 942 1262 1037 episcopatu
1279 938 1497 1013 medietatem
1510 938 1653 1035 recipiat
1665 940 1740 1014 sine
1752 942 1927 1017 maliciosa
1943 944 2045 1017 dimi·

634 1065 794 1138 nucione.
815 1066 1004 1139 Statuimus
1016 1065 1118 1139 etiam
1128 1074 1163 1139 et
1174 1064 1242 1137 sub
1256 1063 1538 1137 interminacione
1548 1064 1658 1159 gratie
1668 1074 1782 1139 nostre
1791 1066 1988 1141 inhibemus
1998 1092 2044 1143 ne

634 1190 714 1284 quis
726 1190 951 1264 officiatorum
961 1200 1153 1264 nostrorum
1166 1197 1390 1262 memoratam
1407 1188 1586 1261 ecclesiam
1597 1189 1657 1261 rel
1667 1189 1868 1286 episcopum
1880 1194 1967 1285 ejus,
1987 1192 2041 1267 di·

635 1313 762 1387 lectum
781 1314 971 1411 principem
985 1323 1153 1402 nostrum,
1170 1314 1207 1387 iu
1219 1312 1388 1409 premissa
1405 1311 1830 1409 recognicicneimpedire
1842 1314 1969 1389 audeat
1981 1338 2043 1389 seu

634 1438 832 1523 molestare;
859 1439 956 1535 quod
974 1461 1053 1512 cum
1070 1437 1115 1511 de
1131 1438 1145 1532 j
1151 1459 1212 1511 ure
1227 1437 1272 1510 sit
1286 1436 1397 1534 ipsius
1417 1436 1561 1511 ecclesie
1580 1438 1763 1511 nobiscum
1783 1439 1955 1534 precarias
1968 1440 2044 1515 sire

635 1564 794 1637 collectas
810 1563 1142 1660 proporcioualitera
1157 1560 1332 1659 premissis
1348 1560 1486 1633 civibus
1499 1561 1670 1657 recipere,
1695 1562 1808 1658 ipsam
1826 1562 2044 1639 medietatem

635 1687 702 1784 ipsi
728 1688 871 1761 ecclesie
893 1696 927 1762 et
948 1688 1120 1783 episcopis
1144 1685 1275 1759 ibidem
1292 1684 1486 1758 constitutis
1509 1682 1764 1759 confirmamus.
1787 1686 1832 1759 Ut
1844 1698 1961 1761 autem
1979 1686 2044 1761 hec

634 1812 819 1906 recognitio
838 1824 873 1885 et
886 1812 1099 1886 confirmatio
1115 1819 1302 1885 memorate
1314 1810 1458 1883 ecclesie
1471 1818 1506 1883 et
1521 1810 1692 1906 episcopis
1707 1819 1780 1885 rata
1794 1822 1994 1907 permaneat
2009 1822 2045 1885 et

633 1935 852 2027 inconvulsa,
883 1943 1074 2030 presentem
1100 1934 1248 2007 litteram
1271 1933 1378 2027 sigilli
1404 1933 1511 2006 nostri
1537 1933 1730 2007 monimine
1752 1932 1919 2006 duximus
1946 1956 2042 2007 eom·

633 2058 773 2130 muniri.

683 2184 799 2255 Testes
813 2193 894 2257 sunt
908 2183 958 2255 hii
976 2210 984 2255 ε
1002 2180 1424 2256 Cuonradusrencrabilis
1441 2180 1920 2279 Comtaneiensisepiscopus,
1948 2234 1959 2253 .
1991 2234 1999 2253 .
2032 2236 2040 2253 .

635 2308 843 2381 venerabilis
863 2306 1036 2400 tingensis
1057 2307 1182 2397 abbas,
1209 2306 1251 2378 la.
1270 2305 1442 2400 palatinus
1455 2326 1571 2378 eomes
1588 2306 1634 2379 de
1650 2306 1854 2400 luwingin,
1877 2306 1916 2378 C.
1942 2306 2045 2377 burc-

635 2432 777 2527 gravius
792 2430 837 2506 de
851 2432 1081 2519 Nuoriuberc‚
1105 2430 1300 2503 Willelmus
1322 2450 1437 2503 eomes
1459 2428 1505 2502 de
1519 2429 1725 2525 Tuwingin,
1752 2451 1867 2503 eomes
1884 2428 2045 2503 Albcrtus

635 2552 681 2627 de
693 2554 912 2643 nourinberc,
940 2576 1054 2628 comes
1071 2554 1205 2627 Ulricus
1227 2553 1272 2628 de
1291 2552 1522 2643 llelffinstaio‚
1545 2553 1585 2625 E.
1610 2551 1744 2647 dapifer
1770 2554 1816 2627 de
1836 2553 2041 2649 Walppurc‚

634 2677 671 2751 G.
703 2678 866 2774 pincerna
896 2678 942 2753 de
970 2678 1237 2768 Wiutterstetin,
1268 2677 1449 2750 Heinricns
1465 2676 1673 2749 camerarius
1696 2675 1984 2769 deltavinsbnre,
2011 2686 2046 2749 et

634 2803 692 2873 alii
706 2804 940 2898 quamplures.

684 2927 808 3001 Actum
822 2927 918 3025 apud
939 2926 1091 3018 Ulmam,
1118 2946 1210 2998 auno
1227 2924 1400 2998 dominice
1414 2924 1665 2998 incarnacionis
1683 2924 1865 2998 millesimo
1877 2922 2043 2999 ducente·

637 3052 725 3126 simo
742 3052 913 3125 tricesimo
929 3052 1057 3148 primm
1077 3051 1145 3123 X¹¹¹⁰
1161 3047 1328 3124 kalendas
1343 3048 1553 3140 decembris,
1575 3046 1765 3122 indictione
1779 3049 1841 3121 Ψ.

1673 3355 1834 3367 ..ψ-η

691 3643 894 3749 Henricus,
915 3642 1175 3725 Romanorum
1193 3666 1279 3745 rex,
1301 3641 1460 3724 sculteto
1484 3650 1522 3723 et
1546 3638 1692 3724 civibus
1717 3640 1765 3722 de
1786 3636 1907 3721 llallis
1924 3662 2045 3719 man-

637 3780 704 3863 dat
721 3788 764 3860 ut
781 3776 929 3861 nullam
947 3774 996 3858 ab
1013 3775 1170 3857 eeclesia
1186 3774 1236 3858 de
1253 3774 1460 3857 Schonthal
1477 3772 1688 3883 precariam
1705 3772 1860 3883 exigant
1876 3770 1924 3852 de
1941 3768 2046 3852 omni

639 3912 718 3995 sale
736 3936 814 4021 quo
831 3918 1038 3993 cenventus
1055 3907 1214 4017 indiget.

720 4136 826 4218 (lidid.
851 4137 920 4196 lac.
934 4134 1025 4197 Fam.
1041 4134 1211 4212 (incamus,
1231 4128 1397 4213 llffealtcict.
1419 4127 1679 4207 Neocsnndec,
1701 4128 1773 4208 t.1,
1794 4146 1826 4208 p.
1844 4136 1931 4191 1206.
1953 4127 2048 4190 Notae

757 4244 980 4321 chronologicae
1000 4258 1081 4301 nunc
1100 4242 1208 4301 rectius
1230 4239 1407 4300 exhibentur
1419 4254 1456 4299 ex
1469 4239 1646 4299 correctione
1659 4251 1750 4313 qum
1763 4234 1883 4298 edmlslt
1902 4234 2048 4321 Bochme·

758 4368 819 4431 rus,
832 4350 944 4430 Repert.
959 4346 1075 4429 imper„
1090 4364 1119 4425 p.
1138 4356 1208 4424 240,
1223 4356 1257 4405 n⁰
1272 4348 1356 4420 252.)

688 4549 869 4623 Heinricus
892 4548 953 4621 Dei
978 4546 1087 4641 gratia
1104 4545 1335 4618 Romanorum
1349 4564 1413 4617 rex
1429 4564 1566 4639 semper
1581 4549 1767 4637 augustus,
1797 4538 1959 4613 fidelibus
1974 4536 2048 4611 sois

639 4674 824 4747 scultetoet
834 4672 1005 4746 universis
1020 4670 1157 4745 civibus
1168 4668 1213 4743 de
1220 4668 1325 4741 llallis
1337 4668 1481 4761 gratiam
1494 4688 1593 4740 suam
1604 4669 1639 4738 et
1647 4684 1750 4737 omne
1761 4664 1905 4736 bouum.
1919 4660 2049 4733 Dilecto

640 4796 889 4870 nobisecclesie
905 4796 940 4869 in
949 4794 1135 4868 Schonthal
1149 4792 1251 4867 talem
1264 4793 1409 4865 lecimus
1422 4791 1566 4887 gratiam
1580 4797 1616 4861 et
1629 4787 1791 4864 dedimus
1801 4786 1994 4860 libertatem
2010 4794 2049 4857 ut

640 4923 788 4997 decmui
797 4924 868 4997 sale
880 4942 950 5018 quo
964 4920 1121 5017 indigent
1130 4919 1175 4994 ad
1185 4917 1437 5014 ususproprios
1446 4936 1514 4989 non
1524 4912 1861 5011 solraotprecariam
1875 4932 1939 4985 seu
1952 4919 2047 4983 steu-
