4859 6359
467 823 563 892 lette.
579 819 626 898 9.]
917 815 1117 902 nisenam
1140 815 1434 882 autonomon
1817 823 1878 886 ’Β

466 956 548 1038 rom
565 964 649 1028 runt
664 971 790 1048 possus
810 957 948 1030 centnm
970 951 1158 1026 duodecim
1179 975 1292 1048 usqne
1295 1007 1872 1032 ...............

464 1087 546 1153 snnt
563 1077 624 1151 tuli
635 1075 683 1173 (7)
698 1095 804 1173 passu
822 1096 902 1148 uum
920 1075 1077 1170 quinque
1097 1074 1247 1172 pedibus
1268 1086 1304 1150 et
1322 1077 1409 1151 semi
1429 1087 1562 1151 oonstnt
1576 1100 1737 1154 mensura
1759 1091 1875 1156 autem

463 1201 566 1299 pedis
588 1209 641 1274 cst
657 1207 828 1304 quantum
855 1199 1068 1303 aprincipio
1096 1253 1389 1282 ........
1417 1201 1630 1296 conspicitur
1643 1225 1755 1312 usqne
1782 1258 1793 1276 .
1822 1261 1833 1286 .
1864 1262 1872 1278 .

446 1399 457 1408 ,
466 1375 641 1397 .....
667 1321 834 1404 inciditur
850 1329 984 1404 etcrux
1004 1321 1218 1423 designator.
1234 1324 1279 1398 Et
1291 1345 1353 1432 per
1368 1323 1476 1430 hujus
1488 1325 1702 1410 vendicionis
1715 1338 1751 1405 ct
1767 1329 1877 1408 tradi·

464 1447 567 1528 donn
586 1445 879 1526 confirmationem
895 1444 1096 1546 profitemur
1113 1467 1177 1530 nor
1190 1467 1211 1522 u
1223 1447 1388 1542 pmdictis
1404 1448 1532 1529 roccho
1546 1447 1592 1534 de
1608 1450 1758 1545 Padolo,
1777 1451 1876 1538 Petro

464 1569 621 1654 oddonis
641 1579 678 1648 et
697 1570 825 1651 Iacobo
843 1570 890 1644 de
913 1569 1061 1669 Caleppa
1077 1577 1147 1647 tres
1163 1551 1285 1650 uncins
1305 1579 1340 1651 et
1355 1570 1535 1653 dimidiam
1551 1573 1628 1649 nuri
1649 1593 1730 1658 cnm
1752 1573 1875 1651 defini·

329 1781 338 1786 -
467 1693 566 1776 otono
592 1715 658 1792 pro
690 1701 788 1792 parte
812 1693 907 1776 cone
933 1693 1114 1800 recepisse.
1132 1693 1233 1776 Unde
1249 1715 1314 1776 noe
1335 1694 1482 1790 predicti
1495 1696 1694 1780 collectores
1708 1696 1754 1778 tle
1769 1720 1876 1782 matt*

472 1819 551 1904 dato
568 1818 665 1900 curie
677 1817 870 1898 volontarie
887 1838 1003 1894 coram
1015 1818 1148 1914 prefato
1159 1817 1280 1912 jndice
1291 1818 1433 1901 Nicolao
1447 1828 1483 1898 et
1496 1819 1642 1899 testibus
1651 1820 1877 1929 infrascriptis

459 1941 700 2041 obligavimus
715 1963 780 2016 nos
790 1963 854 2040 pro
869 1949 967 2048 parte
982 1941 1078 2020 curie
1094 1941 1228 2024 eisdem
1241 1942 1369 2019 trocho
1385 1941 1430 2026 de
1443 1942 1592 2036 Padum,
1610 1945 1710 2024 Petro
1720 1945 1877 2026 oddonis

464 2075 503 2140 ct
516 2066 643 2150 tanobo
661 2063 707 2150 de
723 2065 871 2163 Caleppa
890 2073 924 2143 ot
940 2086 1060 2143 corum
1078 2064 1268 2146 heredibus
1288 2086 1351 2167 por
1377 2118 1873 2150 .............

458 2211 556 2296 quas
579 2188 630 2264 eis
644 2187 774 2287 judicis
792 2188 1022 2286 prenominati
1046 2187 1181 2284 judicio
1197 2187 1371 2276 dedimus,
1386 2185 1477 2298 [pro]
1492 2190 1567 2286 ipso
1589 2190 1685 2269 curio
1704 2192 1875 2296 imperiali

463 2311 697 2406 fidejmcntcs
712 2312 878 2408 quatinus
897 2311 1026 2411 dictam
1040 2321 1164 2386 terram
1180 2312 1232 2389 eis
1254 2322 1421 2393 eteorum
1440 2312 1627 2394 heredibus
1653 2315 1750 2389 coria
1765 2317 1876 2416 impe

458 2436 563 2509 niolio
580 2435 626 2509 ab
643 2435 805 2508 omnibus
821 2434 980 2514 hostibus
1000 2443 1170 2516 antestare
1187 2444 1222 2514 et
1237 2433 1424 2517 defendere
1441 2434 1582 2525 debeat,
1604 2446 1640 2513 et
1658 2437 1706 2512 ad
1720 2438 1875 2542 ipsorum

466 2559 638 2640 coneum
660 2579 803 2654 presens
824 2558 1089 2636 instrumentum
1110 2559 1239 2638 iactum
1256 2565 1322 2640 eal,
1348 2559 1451 2649 Quod
1475 2560 1597 2656 scripu
1615 2581 1681 2666 ego
1704 2560 1877 2644 Guarinus

460 2685 568 2766 'troie
582 2681 738 2758 notarius
758 2681 820 2780 qui
836 2681 991 2784 intertui,
1012 2681 1048 2754 in
1065 2703 1185 2759 meuse
1201 2691 1237 2759 et
1253 2683 1452 2788 supradicta
1468 2671 1673 2786 indictione,
1688 2685 1878 2770 incivitate

463 2807 578 2890 Troia,

516 2929 543 3022 †
567 2931 642 3026 lngo
657 2928 719 3025 qni
736 2950 842 3034 snpra
853 2928 1018 3010 Nicotaus
1032 2927 1077 3010 de
1095 2931 1261 3029 sperono,
1272 2930 1369 3010 rroie
1382 2929 1702 3036 mpcnetinjudcr.

516 3053 641 3148 †·Ego
668 3104 1039 3125 ..........
1068 3049 1304 3146 liliosEgidii.

517 3177 642 3272 rego
657 3175 789 3250 Probus
805 3173 850 3248 do
877 3227 1172 3257 ........
1204 3175 1405 3257 testissurn.

521 3769 754 3876 somnes,
779 3768 1040 3859 &manorum
1072 3766 1590 3876 inpraesentiarium
1615 3765 1877 3876 Nummus,
1931 3778 1948 3823 ⁸
2023 3809 2054 3887 ὴ

473 3902 520 3992 cl
541 3901 739 4012 quereiam
766 3900 969 4013 praepositi
996 3909 1034 3990 et
1053 3994 1056 3999 ,
1073 3909 1281 3987 conventus
1306 3899 1355 3988 de
1381 3898 1605 4008 Speinshart
1624 3900 1807 4020 mandat,
1835 3910 1880 3990 ot

473 4060 586 4118 causa
615 4033 799 4144 inquisita
825 4058 940 4143 snper
967 4032 1163 4115 advocatia
1188 4031 1368 4115 villarum
1394 4032 1652 4141 quorumdam
1679 4045 1877 4143 suegela,

471 4166 703 4278 lantgravius
720 4168 769 4249 de
785 4151 1055 4272 Waldocl„de
1073 4163 1380 4248 Leuchtcnberch
1398 4174 1435 4246 et
1456 4163 1662 4247 Henricnm
1677 4166 1726 4272 dc
1743 4165 1877 4247 Turn-

472 4299 573 4409 dorf‚
593 4300 643 4387 ab
661 4299 766 4388 omni
784 4297 1046 4388 molestatione
1064 4283 1375 4414 dicd'prneposio
1391 4296 1618 4413 compescat.

551 4511 685 4594 (Erillum
696 4513 793 4591 prima
808 4513 875 4574 vtco
897 4527 943 4590 ap.
960 4511 1089 4573 Monam
1112 4510 1205 4586 Boio„
1221 4517 1293 4572 tom.
1309 4511 1408 4590 XXX,
1420 4527 1451 4588 p.
1467 4507 1877 4596 att,num.DcCXXXV11.

590 4619 715 4684 Nullum
738 4618 858 4703 quddam
883 4619 1031 4700 appendet
1054 4619 1204 4700 sigillum,
1227 4619 1403 4697 nullumque
1422 4619 1544 4698 appensi
1564 4623 1618 4683 aut
1637 4618 1770 4702 impressi
1789 4618 1879 4683 modo

481 4709 482 4712 ¹
591 4729 682 4786 restat
700 4725 871 4802 vestigium.
886 4721 1098 4786 Verumtamen
1115 4740 1184 4786 cum
1196 4723 1349 4785 character
1361 4725 1521 4801 scripturae
1533 4739 1569 4784 uc
1581 4722 1677 4784 forma
1691 4721 1880 4784 membranae

591 4845 661 4892 cum
674 4831 864 4910 mrcrtpoonc
884 4835 1009 4892 externo
1027 4825 1179 4891 merloto
1191 4827 1227 4891 de
1240 4826 1425 4892 Nnrcadcrclt
1433 4825 1521 4908 street
1539 4847 1591 4891 raro
1606 4845 1665 4910 pro
1679 4831 1827 4910 monento
1846 4827 1882 4890 dc

592 4934 775 5015 operatura,
785 4937 882 5015 ipsum
891 4937 1108 5016 autographum
1124 4936 1408 5016 repraesententvel
1419 4937 1502 4998 locus
1512 4935 1602 5017 sigilli
1614 4953 1683 5000 cum
1691 4943 1776 5016 purte
1785 4953 1883 5000 mem*
