4859 6359
623 694 685 757 592
1145 697 1318 759 lllllllllcl
1342 697 1513 759 seratur
1851 694 1932 777 [llra.
1950 695 2038 757 1232

697 829 803 909 (Edld.
819 829 1023 906 scaenarum,
1036 827 1132 895 Alunt.
1148 828 1312 913 diplomat„
1322 838 1346 893 t.
1361 834 1388 909 Ι,
1402 848 1432 910 p.
1449 838 1520 907 tor,
1533 839 1568 893 n⁰
1580 828 1666 910 tot.)

671 990 839 1062 Henricus
862 991 1040 1087 septimus,
1069 991 1190 1067 divina
1211 994 1350 1066 lavante
1367 992 1548 1066 clementia
1562 992 1793 1066 Romanorum
1815 1015 1879 1067 rex
1902 1012 2039 1089 semper

623 1124 806 1207 augustus,
823 1114 995 1188 universis
1007 1116 1136 1211 quibus
1149 1117 1214 1191 hee
1226 1117 1480 1190 littereostense
1490 1115 1617 1189 luerint
1627 1115 1925 1211 gratiamsuamet
1935 1138 2037 1191 omne

623 1236 766 1311 bonnm.
787 1240 905 1311 Solum
924 1260 965 1312 ea
978 1240 1117 1313 suntad
1134 1251 1320 1337 perpetuos
1336 1262 1422 1313 usus
1433 1248 1469 1313 et
1487 1239 1534 1314 nd
1548 1240 1742 1313 animarum
1759 1240 1915 1315 remedia
1936 1241 2036 1312 saln-

621 1359 727 1433 briter
743 1360 894 1457 deposita
912 1371 947 1436 et
958 1373 1160 1437 conservata
1175 1386 1247 1459 que
1261 1386 1283 1438 a
1296 1362 1534 1456 munificentia
1555 1372 1673 1438 nosue
1693 1382 1819 1437 manus
1839 1386 2033 1461 pauperum

621 1485 814 1579 deportant.
839 1486 955 1573 Quare
976 1488 1078 1562 saluti
1103 1498 1220 1562 nostre
1236 1488 1419 1561 salubriter
1443 1488 1680 1580 consulentes,
1711 1510 1790 1561 eam
1811 1488 2033 1563 donationem

619 1630 725 1704 quam
745 1610 892 1683 dilectus
904 1608 1017 1685 fidelis
1037 1621 1153 1686 noster
1169 1634 1285 1686 comes
1302 1611 1503 1707 sigebertus
1526 1610 1573 1685 de
1586 1611 1715 1685 Werda
1736 1622 1772 1685 et
1792 1612 1976 1685 Heinricns
1998 1622 2034 1686 et

619 1865 750 1951 spectat
761 1857 807 1930 ad
819 1859 979 1952 Bmmat,
996 1867 1104 1931 totum
1116 1859 1278 1933 videlicet
1294 1880 1419 1931 nemus
1433 1880 1512 1931 cnm
1530 1856 1719 1955 paludibus
1734 1870 1770 1930 et
1786 1858 1892 1953 pratis
1905 1879 1975 1952 que
1986 1858 2032 1931 de

617 1980 758 2075 viaque
773 1980 899 2053 dicitur
916 1982 1106 2077 breittweg
1121 1983 1213 2059 inter.
1233 1982 1397 2078 paludem
1420 1993 1456 2055 et
1477 1982 1603 2056 silvam
1617 1980 1751 2055 domini
1771 1979 1962 2055 Burclrardi
1986 1982 2032 2056 de

618 2104 728 2201 blyde
760 2126 871 2200 usque
897 2107 944 2180 ad
967 2106 1125 2179 Rhenum
1150 2106 1261 2181 tendit
1283 2129 1364 2180 cnm
1387 2107 1484 2180 omni
1508 2109 1589 2201 jure
1613 2116 1648 2180 et
1671 2106 1918 2200 libertateque
1943 2105 2031 2179 illud

618 2229 777 2321 tenebat,
800 2228 919 2302 domui
942 2229 1122 2326 hospitalis
1146 2231 1261 2304 Sancti
1283 2230 1431 2327 Spiritus
1454 2229 1490 2301 in
1507 2228 1712 2302 Steffanstelt
1723 2231 1805 2322 J'ure
1823 2228 2030 2302 hereditario

618 2351 805 2446 dederunt,
820 2362 929 2427 ratam
947 2362 982 2427 et
994 2352 1129 2427 tirmam
1142 2354 1334 2447 babemus;
1359 2364 1474 2427 nmen
1490 2374 1553 2451 pro
1568 2354 1730 2427 censibus
1744 2352 1891 2449 predicti
1908 2355 2030 2427 iratres

615 2474 706 2550 duos
722 2498 894 2575 cappones
911 2477 947 2549 in
965 2478 1097 2551 curiam
1111 2479 1246 2551 Nazarii
1262 2477 1409 2573 singulis
1421 2477 1524 2553 anuis
1537 2476 1622 2551 dare
1638 2486 1809 2550 tenentur.
1834 2473 2028 2550 Confirma-

617 2624 696 2675 mus
709 2602 971 2677 etdunationem
985 2603 1295 2700 prelatislratribns
1305 2605 1428 2677 iactam
1441 2603 1477 2675 in
1489 2600 1701 2694 molendino,
1715 2622 1785 2696 qne
1796 2602 1909 2674 locum
1922 2600 2028 2673 babet

614 2746 719 2823 super
736 2749 862 2823 aquam
880 2750 950 2824 que
969 2726 1095 2801 dicitnr
1107 2730 1259 2802 Durroso
1278 2750 1357 2799 cum
1374 2748 1542 2822 aquarum
1557 2724 1774 2816 decursibus,
1791 2725 1840 2798 ita
1854 2724 1951 2820 qnod
1964 2745 2027 2797 an·

613 2852 746 2924 unatim
770 2850 816 2926 de
837 2852 914 2948 ipso
934 2850 1132 2926 molendino
1161 2850 1233 2925 duo
1255 2850 1358 2925 solidi
1388 2850 1424 2922 in
1453 2850 1584 2923 curiam
1610 2848 1746 2923 comitis
1771 2850 2023 2945 persolvantur.

612 2974 757 3071 Insuper
767 2974 1009 3051 confirmamus
1021 2977 1073 3051 eis
1083 2998 1160 3050 eam
1175 2977 1321 3071 gratiam
1336 2998 1408 3071 qua
1421 2996 1469 3048 ex
1482 2984 1579 3071 parte
1590 2995 1682 3068 aque
1694 2973 1740 3047 de
1753 2973 1914 3047 omnibus
1925 2974 2026 3048 bonis

611 3099 685 3173 suis
701 3108 737 3173 et
752 3098 798 3175 de
814 3099 1008 3197 pecudibus
1031 3101 1068 3173 in
1092 3100 1209 3175 banno
1228 3100 1311 3175 ville
1327 3102 1468 3173 Bmmat
1485 3098 1657 3174 decimam
1671 3118 1742 3171 non
1755 3099 1964 3193 persolvant.
1982 3099 2026 3173 Ut

610 3231 727 3296 autern
748 3223 814 3297 bec
836 3233 953 3297 nostre
979 3223 1119 3300 donatio
1140 3235 1174 3299 et
1200 3224 1414 3300 confirmatio
1431 3234 1506 3298 ratu
1526 3223 1561 3295 in
1587 3232 1791 3320 perpetuum
1806 3231 2022 3319 permaneat,

609 3346 739 3419 litteras
754 3354 887 3420 nostras
900 3348 1032 3423 eisdem
1045 3349 1208 3423 iratribus
1222 3350 1298 3423 dari
1309 3350 1477 3443 jussimus
1490 3348 1668 3443 sigillatas.

658 3470 775 3543 Testes
798 3479 914 3544 autam
932 3472 994 3567 qui
1014 3472 1159 3547 aderant
1183 3482 1264 3547 sunt
1288 3472 1338 3545 hii
1358 3498 1367 3543 ε
1399 3527 1409 3545 .
1438 3526 1449 3544 .
1479 3526 1489 3544 .
1512 3470 1666 3545 marchio
1689 3470 1735 3545 de
1761 3469 1897 3563 Badeo,
1929 3523 1940 3543 .
1970 3525 1980 3547 .
2008 3523 2019 3544 .

609 3594 775 3689 pincerna
789 3594 1075 3693 deWiuterstett,
1100 3598 1144 3670 H.
1165 3596 1211 3671 de
1229 3597 1472 3692 Ravenspurg‚
1495 3596 1599 3668 irater
1609 3596 1650 3668 B.
1672 3593 1973 3687 derannemode,
1988 3604 2023 3670 et

609 3719 668 3793 alii
685 3720 920 3816 quamplures.

656 3841 782 3917 Actum
802 3842 898 3939 apud
918 3842 1134 3938 llagenorrm,
1160 3865 1253 3918 auno
1274 3843 1320 3917 ab
1341 3842 1574 3917 incarnatione
1590 3843 1729 3918 Domini
1750 3841 2018 3934 nocmxxu,

609 3966 727 4041 idibus
740 3966 954 4061 novembris,
973 3966 1162 4042 indictione
1173 3969 1232 4043 Vl.

428 4435 536 4545 ὣ
658 4398 859 4508 Henricus,
874 4398 1134 4483 Romanorum
1147 4424 1229 4509 rex,
1245 4397 1425 4484 omnibus
1442 4398 1635 4484 licentiam
1652 4398 1826 4482 concedit
1841 4424 1882 4481 se
1894 4412 2021 4480 trans·

406 4523 567 4591 rutena
604 4530 750 4615 ferendi
781 4558 871 4615 cum
897 4531 1012 4616 rebus
1038 4542 1077 4616 et
1101 4532 1275 4642 personis
1308 4532 1359 4616 ad
1386 4532 1522 4617 fratres
1548 4530 1747 4643 hospitalis
1775 4530 1835 4615 sui
1863 4530 1912 4613 de
1936 4527 2021 4612 lla-

603 4688 778 4775 gnenau,
797 4664 1025 4776 eosdemque
1043 4664 1094 4749 ab
1110 4664 1216 4748 omni
1236 4665 1387 4750 seruitio
1406 4664 1479 4749 sibi
1497 4663 1645 4775 debito,
1664 4664 1771 4776 qnod
1788 4662 1839 4747 ad
1859 4662 2019 4772 dispen-

602 4798 712 4882 dium
728 4796 926 4906 hospitalis
944 4798 1159 4883 redundare
1176 4806 1319 4908 posset,
1338 4797 1482 4882 eximit.
