4859 6359
377 816 479 879 horor.
494 816 539 895 5.]
834 810 1031 873 HISTORIA
1055 806 1349 871 arriomanico.

434 1387 643 1495 Hemone,
673 1385 934 1469 Romanorum
955 1408 1042 1491 rex,
1072 1390 1206 1465 notum
1232 1379 1391 1463 tacitae
1412 1379 1571 1463 mirrime
1591 1391 1788 1489 monetae,
1821 1396 1992 1504 &mm

381 1519 544 1631 pedagia
566 1526 603 1602 et
625 1516 792 1627 justitias
818 1514 983 1625 episcopi
1002 1513 1335 1625 Osnaburgensis,
1363 1538 1463 1623 quae
1480 1538 1505 1595 a
1525 1512 1606 1597 auis
1623 1514 1791 1623 praede·
1840 1504 1967 1558 ''W'‘

383 1650 597 1737 cessoribus
614 1660 740 1757 tanet,
764 1648 886 1731 minui
904 1647 1025 1756 velle,
1047 1648 1114 1731 sod
1130 1672 1152 1730 e
1170 1656 1303 1731 contra
1318 1646 1414 1731 haec
1429 1646 1554 1731 eidem
1574 1645 1616 1727 in
1633 1645 1794 1755 pristino

384 1794 487 1869 atatu
508 1782 749 1890 confirmari,
782 1806 860 1865 non
892 1778 1135 1865 obstantibus
1164 1778 1301 1871 litteris
1327 1804 1426 1887 quac
1452 1804 1476 1861 a
1498 1804 1539 1863 ac
1559 1778 1621 1863 vel
1642 1778 1693 1862 ab
1716 1780 1796 1861 im-

385 1924 560 2024 peratore
588 1924 696 2025 patre
727 1938 799 1998 suo
829 1912 870 1995 in
901 1911 1176 2023 praejudicium
1204 1911 1369 2021 episcopi
1400 1909 1571 2020 ejusdem
1602 1910 1795 2021 impetrari

382 2047 587 2157 potuerint.

469 2258 568 2337 (Edit.
588 2276 636 2338 ap.
656 2260 780 2333 Maean,
800 2256 925 2322 Octobr.
942 2255 1056 2335 coer..
1071 2265 1096 2319 t.
1116 2257 1169 2331 IV,
1184 2274 1214 2337 p.
1234 2266 1303 2332 oto,
1320 2259 1352 2319 tn
1373 2257 1445 2320 edit.
1460 2258 1585 2320 deanno
1605 2261 1798 2339 tatt,cn1us

505 2366 654 2445 exemplar
667 2367 799 2427 nondum
813 2366 937 2443 reperire
951 2361 1126 2443 potuimus.)

434 2546 561 2619 Datum
577 2545 674 2641 apnd
688 2544 952 2637 Franoheninrt,
974 2563 1066 2617 anno
1083 2543 1221 2617 Domini
1240 2544 1287 2617 Μ.
1301 2542 1365 2617 CC.
1376 2542 1517 2633 XXXII,
1541 2544 1585 2615 ill
1610 2564 1719 2617 nonae
1737 2565 1800 2617 an·

387 2668 498 2762 gusti,
518 2668 705 2743 indictione
721 2670 764 2746 V.

444 3239 650 3349 Hannone,
683 3238 945 3323 Romanorum
980 3264 1066 3349 rex,
1104 3241 1327 3325 auctoritate
1352 3242 1459 3353 regia
1478 3252 1518 3325 et
1542 3268 1590 3327 ex
1618 3253 1803 3355 potestate
1830 3272 1980 3370 &popm

393 3394 512 3482 quam
529 3395 651 3481 nuper
668 3394 692 3453 a
708 3370 900 3455 Friderico
921 3371 1148 3481 imperatore
1168 3382 1277 3481 patre
1298 3397 1369 3456 suo
1390 3374 1550 3484 adeptus
1571 3386 1648 3487 est,
1672 3380 1803 3465 omnia
1848 3354 1994 3483 ‘⁸⁶:25³’

393 3502 591 3616 privilegia
612 3502 663 3586 ab
685 3502 986 3589 antecessoribus
1008 3502 1089 3589 auis
1110 3502 1257 3589 civibus
1280 3504 1624 3593 Wormatiensibus
1653 3510 1804 3599 indulta
1848 3486 1975 3541 'ma

393 3638 618 3747 confirmat,
642 3647 680 3723 et
693 3636 803 3749 jobet
832 3664 878 3723 ea
908 3637 949 3721 in
966 3636 1102 3723 robore
1129 3637 1276 3750 absque
1291 3639 1511 3752 calumpnia
1536 3642 1577 3725 in
1607 3657 1803 3756 posterum

390 3796 599 3856 maranno.

472 3985 609 4060 (Midea.
631 3983 662 4047 J.
681 3985 738 4049 Fa.
757 3982 891 4065 Moatra,
906 3980 1103 4069 Abouadlooq
1117 4002 1173 4047 ooo
1192 3982 1244 4047 der
1256 3982 1345 4050 Stadt
1367 3987 1492 4064 Wcrme,
1511 3992 1654 4071 append„
1678 4010 1709 4073 p.
1725 4005 1800 4070 toa,

511 4100 546 4153 n⁰
563 4090 906 4165 ra-fflrssmraa,
920 4088 1135 4172 operantior.
1149 4090 1255 4155 Baocic
1266 4092 1315 4155 des
1324 4090 1426 4157 town
1442 4092 1573 4171 nono,
1587 4100 1801 4185 t.II,pt·17.)

440 4274 643 4349 innomine
668 4286 786 4349 sancte
809 4285 845 4350 et
865 4275 1047 4352 individue
1068 4278 1253 4353 Trinitatis.
1276 4280 1444 4354 Hannone
1464 4284 1651 4380 septimus,
1679 4285 1801 4363 divina

393 4399 531 4473 favente
558 4400 739 4474 elementia
768 4420 834 4475 rex
860 4410 895 4473 et
921 4420 1057 4497 sempor
1084 4410 1266 4497 cognatae.
1294 4404 1331 4476 Si
1355 4426 1398 4479 ea
1421 4427 1492 4501 qne
1517 4428 1580 4502 per
1607 4411 1801 4486 sanctiones

394 4520 555 4597 divorum
578 4533 806 4617 angustorum
832 4524 1077 4621 imporatorum
1103 4546 1145 4599 ac
1166 4548 1287 4623 regnrn
1308 4528 1491 4602 salubriori
1515 4532 1656 4606 consilio
1683 4534 1800 4632 diepo-

397 4655 544 4737 nnntnr,
574 4646 671 4742 regio
687 4648 877 4743 patrocinio
900 4646 1162 4742 confirmamus,
1187 4650 1269 4743 jura
1286 4673 1349 4724 aua
1380 4651 1477 4727 illesa
1500 4653 1642 4729 cuilibet
1663 4678 1802 4734 conaer-

396 4780 536 4857 vantes,
560 4768 681 4844 fideles
702 4771 837 4867 imperii
858 4770 1031 4845 credimus
1056 4794 1117 4869 per
1133 4774 1199 4847 hoc
1221 4772 1267 4846 ad
1285 4776 1493 4871 promptiora
1510 4779 1679 4876 obsequia
1704 4785 1803 4858 invi-

398 4900 523 4967 tantur.
542 4894 685 4967 Noverit
707 4894 812 4990 igitur
829 4904 899 4969 tam
920 4916 1061 4992 prosena
1073 4906 1146 4971 etas
1166 4919 1271 4992 qnam
1289 4920 1491 4977 successura
1508 4905 1689 5000 posteritas
1707 4910 1804 5001 qnod
