4859 6359
639 781 701 844 ste
1139 781 1358 845 salustius
1385 781 1560 844 succum
1855 783 1939 862 [ilex
1956 780 2044 845 ΙΝ·

639 917 819 991 evidenter
835 916 1073 1011 agnoscimus,
1094 918 1292 992 stallorum
1311 940 1378 992 nos
1398 939 1475 993 esse
1490 913 1721 1014 prospicimus
1736 916 1936 992 creditom
1958 918 2047 990 ilinc

644 1041 751 1135 igitur
760 1040 927 1136 pulsantis
937 1039 984 1113 ad
996 1041 1123 1114 ostium
1136 1042 1414 1136 creditorisjusta
1425 1049 1599 1134 assurget
1610 1040 1827 1114 mandene
1838 1042 1957 1114 tenore
1970 1061 2048 1136 pre-

643 1184 828 1258 gravemur
846 1189 855 1234 r
876 1163 958 1236 hinc
976 1164 1022 1238 ad
1041 1165 1257 1239 exactionem
1270 1166 1466 1240 debitorum
1486 1172 1681 1238 nosbornm
1698 1165 1890 1260 periculosa
1907 1165 2047 1236 immis-

644 1308 726 1362 cens
740 1285 788 1383 (a)
800 1307 877 1360 sese
894 1287 1047 1382 negociis
1064 1308 1161 1361 mora
1178 1309 1243 1362 uos
1257 1298 1423 1385 provocat
1435 1309 1480 1361 ns
1493 1289 1569 1383 ipsc
1584 1297 1728 1383 pereant
1739 1287 1904 1361 actiones.
1918 1285 1975 1359 Ab
1989 1288 2048 1360 illo

642 1431 793 1506 namque
815 1411 906 1484 bono
931 1411 1176 1506 patrefamilias
1202 1413 1358 1507 protinus
1382 1421 1418 1485 et
1444 1413 1609 1485 instanter
1634 1410 1779 1484 anobis
1805 1411 1959 1505 exigitur
1979 1409 2048 1484 de-

641 1534 765 1623 bitum,
783 1536 845 1630 qui
864 1557 1008 1631 peregre
1026 1533 1259 1632 proficiscens,
1285 1536 1451 1609 familiam
1468 1558 1568 1609 suam
1584 1535 1808 1609 sollicitudini
1829 1544 1947 1609 nostre
1964 1557 2049 1631 sup·

643 1658 772 1755 posuit,
791 1659 847 1731 cui
863 1659 991 1733 talama
1009 1678 1080 1754 qus
1096 1658 1241 1732 tradidit
1260 1659 1407 1734 reddere
1428 1659 1585 1755 cogimur
1601 1659 1789 1754 duplicata.
1807 1657 1877 1732 Sed
1898 1667 1934 1732 et
1949 1680 2050 1732 versa

643 1781 722 1854 vice
744 1803 809 1856 nos
833 1781 961 1856 excitat
976 1781 1119 1855 Cenares
1137 1785 1273 1854 tecuae
1292 1782 1488 1876 fastigium,
1510 1791 1552 1854 ut
1567 1782 1615 1855 ab
1630 1783 1699 1874 eis,
1717 1802 1806 1876 qnos
1821 1783 1973 1856 Romane
1990 1782 2050 1855 di·

643 1905 747 1978 tionis
775 1905 879 1979 babet
902 1906 1101 2002 imperium,
1131 1905 1353 1998 subiectionis
1380 1914 1417 1979 et
1442 1905 1639 1980 obedientie
1667 1906 1825 1980 debitum
1851 1906 2046 2001 exigamus.

644 2028 801 2102 Mirabile
831 2038 946 2102 tamon
973 2029 1174 2102 utrumlibet
1195 2027 1401 2103 conditionis
1420 2038 1474 2102 est
1496 2029 1670 2122 debitum,
1693 2030 1725 2102 si
1745 2029 1915 2104 subtiliter
1933 2030 2048 2102 iutue-

646 2173 726 2224 mur
756 2151 814 2250 (ὁ),
848 2154 949 2246 cujus
977 2154 1101 2226 solutio
1130 2153 1295 2228 debitoris
1322 2155 1555 2228 emolumenta
1580 2175 1650 2228 non
1678 2153 1826 2245 minuit,
1856 2151 1922 2227 sed
1946 2163 2052 2245 auget

647 2273 772 2366 lidem;
789 2276 859 2348 imo
878 2275 1026 2349 solventi
1043 2275 1155 2368 magis
1178 2276 1282 2348 etiam
1299 2277 1423 2350 crescit
1439 2277 1475 2349 iu
1500 2275 1700 2367 commodo,
1719 2297 1825 2370 qnam
1851 2275 2052 2372 suscipienti

646 2397 801 2492 proficiat
825 2398 861 2469 in
879 2407 1079 2490 augmento.
1100 2399 1256 2471 Ceterum
1273 2400 1302 2472 si
1324 2402 1360 2472 in
1379 2421 1444 2491 eo,
1462 2409 1563 2496 prout
1585 2399 1633 2474 de
1654 2400 1735 2492 jure
1756 2409 1926 2490 tenemur,
1952 2401 2053 2473 sads

646 2519 813 2594 iaciamus
835 2524 1038 2616 proponenti
1056 2533 1091 2597 et
1106 2523 1270 2620 propositi
1287 2523 1332 2621 (c)
1360 2524 1545 2618 diligenter
1564 2524 1717 2598 officium
1736 2524 1995 2620 impendamus,
2016 2533 2054 2597 et

645 2645 839 2740 temporalis
857 2645 996 2720 honoris
1016 2647 1189 2743 stipendia
1214 2649 1409 2743 querimus,
1428 2647 1514 2721 dom
1524 2645 1754 2722 clarificamur
1771 2647 1809 2719 iu
1824 2632 1983 2739 iama,et
1997 2668 2053 2722 ra-

646 2767 844 2843 tribntionis
873 2778 991 2844 eterne
1016 2768 1178 2844 fiduciam
1209 2771 1427 2861 obtinemus,
1456 2772 1542 2846 dnm
1571 2771 1771 2868 proficimus
1798 2772 1835 2844 in
1858 2772 1983 2844 salute.
2012 2772 2053 2844 ln

643 2893 744 2986 jussu
764 2892 956 2987 dominico,
980 2918 999 2965 α
1020 2917 1089 2990 que
1110 2905 1191 2968 sunt
1207 2895 1269 2968 Dei
1284 2897 1376 2990 Deo,
1392 2904 1428 2970 et
1444 2917 1515 2990 que
1530 2905 1612 2970 sunt
1626 2895 1758 2970 Casmis
1775 2894 1891 2969 (lesui
1914 2895 2054 2990 persol-

645 3024 786 3108 vantur,
815 3019 1123 3094 »emolumentum
1153 3019 1335 3094 solutionis
1363 3019 1400 3092 in
1426 3028 1536 3092 tetum
1561 3019 1634 3092 iere
1662 3019 1810 3092 solventi
1835 3017 2051 3112 relinquitur,

648 3141 733 3217 dum
751 3142 928 3236 recipienti
950 3141 1054 3217 etiam
1075 3141 1186 3236 magis
1212 3142 1386 3216 oemmcdi
1404 3153 1440 3216 et
1463 3142 1603 3216 bonoris
1629 3141 1832 3237 acquiritur,
1854 3162 1961 3236 quam
1984 3141 2055 3216 sol-

648 3265 744 3338 venti
762 3265 957 3340 vexationis
974 3274 1009 3338 et
1022 3265 1136 3338 onais
1159 3275 1378 3361 aggregetur.
1395 3267 1447 3339 Ea
1470 3287 1622 3361 namque
1638 3265 1866 3357 suntomnia,
1884 3264 1915 3338 si
1932 3285 2055 3339 vemm

648 3389 871 3484 respicimus,
892 3388 1125 3482 subjectorum
1143 3397 1241 3483 grata
1265 3389 1453 3480 levamina,
1473 3411 1544 3484 que
1563 3397 1645 3461 sunt
1663 3389 1768 3462 wem
1788 3409 1894 3462 onera
1920 3386 2056 3484 princi-

648 3520 751 3608 patus
771 3537 781 3583 :
800 3511 838 3584 in
854 3511 921 3585 boc
936 3511 1030 3585 enim
1048 3512 1157 3608 gloria
1173 3513 1267 3607 regis
1280 3513 1455 3586 extollitur
1475 3522 1511 3585 et
1531 3520 1704 3600 servatur,
1724 3511 1755 3585 si
1775 3511 1946 3606 inquiete
1961 3509 2057 3606 pacis

648 3636 816 3732 populum
845 3633 971 3730 dirigat
1007 3645 1042 3708 et
1065 3635 1101 3708 in
1124 3635 1263 3727 iusticie
1287 3637 1408 3732 vigore
1431 3644 1623 3710 conservet.
1651 3633 1709 3709 Ad
1730 3657 1880 3730 quarum
1910 3635 2055 3731 primam

651 3779 720 3832 non
734 3759 809 3833 sinc
822 3759 1039 3853 regnantium
1050 3758 1171 3832 salutis
1186 3759 1307 3834 etvite
1320 3759 2057 3854 discriminelaboratur.1egimusnamque

648 3884 765 3979 plures
783 3903 845 3978 pro
862 3881 980 3976 quiete
996 3881 1136 3977 publica
1156 3883 1363 3978 populorum
1388 3883 1523 3958 labores
1538 3882 1689 3958 eximios
1714 3881 1943 3978 assumpsisse
1961 3906 1972 3952 t
1991 3901 2058 3953 nec

648 4027 695 4079 ex
712 4013 782 4080 toto
803 4025 924 4079 secure
939 4005 1079 4099 justicia
1094 4025 1155 4101 per
1172 4026 1273 4101 reges
1288 4015 1326 4080 ct
1344 4006 1517 4103 principes
1534 4006 1761 4096 ministratur,
1781 4003 1944 4099 quidum
1961 4003 2058 4076 inie-

649 4129 757 4203 riores
776 4128 950 4223 judicant,
972 4129 1039 4225 ipsi
1068 4129 1238 4224 superiori
1256 4128 1391 4222 judicie
1417 4138 1651 4204 reservantur.
1678 4128 1722 4202 Et
1745 4148 1946 4224 quanquam
1971 4124 2058 4198 tanti

649 4253 830 4327 solicitudo
843 4253 996 4350 mysterii
1011 4251 1225 4347 quibuslibet
1235 4261 1324 4326 terre
1338 4253 1551 4350 principibus
1568 4253 1757 4342 debeatur,
1781 4249 1926 4323 Romani
1943 4258 2059 4322 tarum

652 4375 1008 4474 imperiiveneranda
1032 4371 1319 4470 sublimitasque
1354 4375 1393 4448 in
1418 4375 1581 4450 omnibus
1612 4375 1823 4473 presentium
1847 4373 1957 4449 oculis
1987 4372 2003 4469 (
2043 4423 2056 4464 ‚

692 4583 734 4666 (a)
755 4585 792 4647 In
804 4584 871 4648 cod.
886 4584 982 4650 Paris.
997 4592 1069 4660 ⁴56,
1079 4581 1262 4664 pnsum
1277 4584 1377 4646 minna
1389 4588 1477 4646 recte

692 4691 735 4773 (b)
755 4691 835 4754 llaec
848 4707 867 4752 a
879 4687 1013 4752 Moahile
1023 4691 1132 4754 dmunt
1143 4707 1190 4770 ap
1202 4692 1296 4753 Pertr.

694 4798 731 4878 (ο)
753 4797 812 4876 Ap.
826 4797 911 4860 Portu
918 4797 1077 4880 prepositi5
1088 4799 1121 4859 ln
1134 4796 1198 4858 cod.
1210 4796 1293 4858 ilari.
1306 4803 1384 4858 tcta
1393 4793 1534 4877 prepositi
1544 4789 1699 4878 diiipeatir.

693 4901 736 4984 (d)
757 4903 818 4982 Ap.
832 4903 917 4966 Perta
928 4903 962 4965 ic
972 4904 1101 4967 umidum
1113 4901 1326 4986 παίδων
1338 4897 1434 4965 oca&
