4859 6359
425 818 522 876 lunser.
537 810 582 893 a]
870 802 1068 866 fltsroltta
1092 799 1384 864 clitellarios
1771 786 1830 850 tter

422 951 515 1040 justo
529 940 767 1041 acquisitionis
783 938 881 1010 titulo
894 938 1019 1033 poterit
1028 938 1191 1033 adipisci,
1210 936 1278 1011 snb
1289 932 1501 1031 protectione
1516 936 1633 1003 nostra
1646 936 1680 1001 et
1693 926 1827 1022 imperii

425 1070 617 1165 recepimus
626 1063 779 1160 speciali.
797 1061 1009 1135 Presentinm
1020 1061 1126 1156 igitur
1137 1070 1255 1135 tenore
1267 1058 1471 1133 mandamus
1485 1054 1625 1127 firmiter
1636 1052 1829 1125 inhibentes

425 1202 595 1288 quatem
613 1188 706 1260 ullus
722 1185 768 1258 sit
784 1185 846 1279 qni
863 1185 1010 1278 prelatas
1025 1183 1234 1256 abbatissam
1248 1192 1284 1257 et
1300 1190 1526 1271 conventum,
1546 1176 1665 1251 fideles
1680 1184 1826 1263 nostras,

427 1338 469 1389 ac
485 1317 598 1410 ipsum
616 1308 860 1384 monasterium
875 1316 994 1379 contra
1004 1306 1109 1399 hujus
1126 1307 1342 1401 protectionis
1357 1314 1472 1381 nostre
1486 1303 1647 1399 paginam
1664 1322 1753 1373 ansn
1771 1309 1829 1371 te-

426 1438 573 1511 merario
590 1437 627 1508 in
641 1434 760 1528 aliquo
778 1433 975 1518 molestare,
998 1429 1152 1503 indebite
1166 1431 1336 1527 impedire
1357 1429 1413 1503 vel
1431 1428 1623 1522 iuquietare
1639 1433 1827 1520 presumat.

427 1560 529 1648 Quod
543 1560 605 1654 qui
626 1557 872 1655 presumpserit
892 1554 1163 1645 indignationem
1185 1555 1291 1628 nostri
1316 1553 1475 1625 culminis
1497 1572 1535 1623 se
1556 1552 1690 1624 noverit
1707 1548 1829 1621 incur-

428 1707 561 1757 surum.
580 1682 637 1755 Ad
654 1682 759 1774 bans
774 1689 890 1751 numm
906 1678 957 1751 rei
974 1678 1174 1751 memoriam
1187 1688 1223 1751 et
1240 1686 1438 1774 perpetuam
1453 1674 1664 1764 firmitatem,
1690 1692 1831 1769 presens

428 1808 592 1902 scriptum
608 1804 681 1879 lieri
696 1804 842 1877 lecimus
856 1802 1043 1895 majestatis
1056 1811 1171 1875 nosbe
1182 1802 1296 1897 sigillo
1306 1800 1490 1873 munitum.

475 1932 602 2003 Datum
629 1928 726 2024 apud
745 1926 974 2021 Herbipolim,
993 1946 1085 1998 anno
1108 1925 1283 1999 dominice
1302 1923 1542 1997 incarnationis
1563 1920 1742 1995 millesimo
1762 1920 1833 1995 du·

430 2054 616 2126 centesimo
634 2050 775 2125 XXXVI
781 2104 793 2143 ,
811 2069 930 2124 mense
942 2050 1026 2123 maii
1038 2047 1100 2147 (o).

484 2667 717 2774 Fuidericus,
740 2666 1001 2751 Romanorum
1028 2665 1247 2775 imperator,
1276 2666 1325 2748 ad
1350 2666 1660 2775 supplicationem
1686 2668 1835 2751 Wene-
1923 2724 1998 2771 ‚m

433 2802 530 2883 mari
548 2800 697 2884 abbatis
714 2800 905 2885 Portensis
928 2796 998 2910 (de
1014 2798 1180 2909 Plorta),
1199 2798 1440 2908 privilegium
1457 2798 1579 2882 eidem
1606 2799 1835 2883 monasterio

435 2943 603 3043 tempore
628 2935 737 3047 regui
763 2934 865 3017 suia
893 2958 935 3016 se
960 2932 1154 3016 indrdtnm
1171 2940 1329 3015 renovat
1350 2940 1387 3014 ct
1403 2931 1603 3015 inserendo
1620 2932 1832 3015 confirmat.

481 3237 484 3243 ¹
513 3160 639 3239 (lncdtt.
655 3177 694 3221 ex
707 3161 862 3240 originali,
876 3159 955 3223 unde
967 3158 1097 3239 sigillum
1109 3159 1271 3239 appendet,
1285 3161 1317 3221 in
1329 3158 1449 3221 arcblro
1461 3157 1630 3239 Dresrlensl,
1644 3169 1678 3221 n⁰
1693 3158 1787 3241 tut.).

481 3360 520 3430 ln
535 3359 674 3431 nomine
694 3369 813 3433 sancte
835 3369 869 3433 et
892 3359 1075 3433 individue
1091 3360 1278 3433 Trinitatis.
1306 3358 1495 3433 Fridericus
1512 3359 1700 3453 secundus,
1719 3360 1838 3437 dimna

438 3484 573 3556 lavente
586 3482 766 3557 clementia
783 3484 1014 3556 Romanorum
1029 3483 1213 3578 imperator
1230 3504 1365 3577 semper
1380 3488 1566 3575 augustus,
1594 3482 1780 3557 Jerusalem
1805 3492 1839 3558 et

437 3605 550 3678 Sicilie
576 3627 652 3679 rex.
676 3604 742 3680 dd
761 3604 997 3679 confirmanda
1023 3605 1205 3678 salubriter
1233 3605 1454 3679 ecclesiarum
1475 3606 1570 3699 jura,
1600 3605 1694 3692 illius
1711 3607 1839 3679 intuitu

436 3731 536 3821 cnjus
552 3728 694 3802 nomine
707 3740 789 3801 sunt
807 3730 938 3823 dicate,
963 3729 1008 3802 de
1021 3731 1121 3823 cujus
1136 3729 1315 3802 clementia
1336 3730 1478 3803 feliciter
1497 3731 1723 3825 imperamus,
1745 3739 1840 3803 tanto

437 3851 660 3925 favorabilius
673 3851 872 3924 inducimur
888 3862 922 3924 et
937 3862 1093 3927 tenemur
1105 3862 1235 3948 quanto
1249 3853 1285 3925 in
1305 3862 1489 3951 conspectu
1503 3855 1629 3927 summi
1647 3853 1740 3945 regis
1756 3874 1841 3949 gra-

437 3976 541 4049 ticres
557 3974 737 4064 efficimur,
754 3975 800 4049 de
819 3978 919 4070 cujus
942 3977 1159 4073 plenitudine
1183 3977 1360 4073 potestatis
1374 3978 1453 4070 Jura
1466 3976 1600 4073 imperii
1623 3977 1840 4073 disponimus

438 4097 611 4170 universa.
631 4100 705 4170 llac
722 4099 827 4191 igitur
844 4100 1116 4175 consideratione
1131 4101 1248 4193 ducti,
1266 4110 1383 4174 tenore
1399 4102 1606 4196 presentium
1627 4112 1748 4175 notum
1764 4123 1840 4175 esse

437 4222 599 4294 volumus
612 4229 682 4291 tam
696 4223 913 4315 presentibus
927 4246 1033 4316 quam
1052 4225 1176 4297 tuturis
1192 4223 1288 4317 qnod
1311 4225 1514 4296 constitutus
1533 4245 1647 4297 eoram
1662 4204 1760 4297 nobis
1779 4244 1838 4297 ve-

440 4341 603 4415 nerabilis
621 4343 849 4417 Wenemarns
862 4346 970 4418 abbas
989 4346 1161 4419 Portensis
1181 4347 1396 4437 monasterii,
1416 4345 1528 4419 tidelis
1542 4354 1674 4437 noster,
1694 4367 1840 4440 presen-

439 4468 534 4540 tabat
549 4467 689 4538 culmini
706 4478 822 4540 nostro
836 4468 1014 4565 quoddam
1032 4470 1197 4565 scriptum
1212 4490 1414 4544 concessum
1425 4470 1574 4543 Portensi
1591 4469 1733 4541 ecclesie
1750 4478 1842 4541 tem-

439 4590 633 4685 poreregni
649 4592 774 4681 nostri,
795 4594 992 4687 supplicans
1005 4593 1174 4686 majestati
1191 4604 1306 4666 nostre
1318 4615 1381 4689 pro
1399 4614 1437 4665 se
1458 4601 1492 4665 et
1511 4592 1653 4665 ecclesia
1667 4614 1730 4666 sua
1749 4592 1841 4665 idem

440 4714 659 4809 privilegium
678 4714 723 4787 de
737 4724 850 4788 nostra
868 4718 977 4810 gratia
995 4716 1208 4809 oontirmari;
1228 4720 1328 4811 cujus
1346 4726 1442 4791 tenor
1457 4716 1534 4789 talis
1545 4724 1642 4790 erat:

482 4900 526 4983 (a)
547 4904 609 4967 Nec
620 4905 719 4983 plura.
733 4908 768 4967 ln
781 4906 949 4985 apographo
959 4907 1082 4970 lndlctlo
1093 4908 1187 4970 deest.
