4859 6359
390 722 486 797 lsnrcr.
505 730 546 815 ¹1.]
833 724 1031 787 HISTORIA
1057 722 1349 785 DlPLOMATICA.

603 992 1586 1011 numm—„numm

442 1226 655 1337 Henricus,
688 1228 948 1314 Romanorum
978 1256 1068 1338 rex,
1107 1230 1332 1313 sententiam
1373 1227 1423 1310 ab
1461 1226 1622 1335 Hugone
1662 1224 1799 1307 abbate
1841 1253 1988 1359 anim,

391 1358 629 1445 Murbacensi
655 1362 774 1445 latam
799 1364 932 1446 inserit
957 1374 995 1446 et
1025 1363 1247 1469 confirmet,
1277 1386 1390 1471 super
1420 1356 1675 1442 controversie
1700 1384 1799 1467 quse
1837 1360 1991 1406 “m

390 1493 605 1577 vertebatur
640 1495 738 1579 inter
772 1495 1029 1606 praepositum
1056 1505 1094 1579 et
1128 1496 1338 1605 capitulum
1364 1492 1614 1576 Solcdcrense
1643 1516 1690 1573 ex
1720 1516 1798 1573 nna

390 1634 496 1734 parte
514 1634 552 1709 et
569 1627 667 1711 cives
685 1628 956 1712 Solodcrenses
977 1655 1024 1712 ex
1042 1628 1180 1735 altere,
1200 1626 1373 1710 videlicet
1389 1637 1433 1708 ut
1449 1624 1608 1734 quidam
1625 1622 1799 1705 homines

393 1756 520 1841 Sancti
547 1760 630 1843 Ursi
657 1762 797 1846 eisdem
824 1760 1039 1873 praeposito
1065 1770 1103 1843 et
1128 1760 1295 1869 capitulo
1319 1769 1358 1843 et
1382 1784 1461 1842 non
1487 1756 1553 1839 alii
1579 1758 1627 1839 de
1653 1764 1801 1838 caetero

392 1893 570 1977 serviant.

472 2106 571 2186 (Edit.
586 2124 636 2184 op.
652 2106 801 2179 Tscnnnr,
818 2104 951 2170 Chone.
967 2104 1092 2183 Βάκι,
1105 2114 1130 2168 t.
1145 2107 1171 2183 1,
1186 2123 1218 2185 p.
1235 2106 1317 2183 ¹²9.)

439 2294 640 2383 Heinricus,
666 2291 785 2367 divino
801 2292 942 2367 favente
963 2292 1144 2366 clementia
1158 2293 1390 2365 Romanorum
1412 2312 1477 2365 rex
1506 2314 1642 2389 semper
1663 2316 1800 2389 augus-

393 2426 469 2508 tus,
500 2416 673 2489 universis
690 2416 824 2513 imperii
852 2416 1012 2489 fidelibus
1040 2416 1076 2489 in
1095 2425 1310 2513 perpetuum.
1332 2416 1472 2489 Noverit
1500 2438 1641 2511 presens
1669 2426 1743 2493 otas
1766 2429 1802 2491 et

393 2544 508 2615 futura
522 2544 702 2636 posteritas
719 2540 815 2635 qnod
830 2562 1028 2637 processum
1042 2540 1159 2613 dilecti
1183 2540 1348 2635 principis
1362 2540 1468 2612 nostri
1484 2540 1639 2635 Hngonis
1651 2562 1801 2615 venero·
1942 2596 1946 2605 .

392 2666 473 2739 bitis
489 2664 726 2738 Mnrbacensis
747 2664 883 2737 abbatis
902 2684 1007 2760 super
1023 2685 1127 2737 rausa
1145 2686 1214 2759 que
1232 2663 1431 2737 vertebatur
1443 2665 1531 2736 inter
1546 2665 1704 2738 Ottonem
1722 2688 1801 2761 pre-

393 2790 542 2885 positum
565 2800 600 2861 et
617 2790 804 2884 capitulum
823 2790 1106 2863 Solodorenseex
1128 2810 1199 2862 una
1212 2799 1308 2885 parte
1330 2798 1365 2862 et
1380 2789 1475 2861 cives
1495 2789 1738 2863 Sotodcrenses
1752 2812 1800 2863 ox

395 2916 502 2987 altera
517 2936 622 3009 snper
639 2914 849 3008 quibusdam
876 2913 1072 2987 bominibus
1098 2914 1212 2985 Sancti
1230 2914 1306 2985 Ursi
1333 2914 1420 2985 inter
1445 2913 1579 2985 Ararim
1595 2922 1630 2986 et
1648 2926 1799 2987 montem

394 3038 547 3112 Ieberen
560 3038 611 3133 (o)
627 3038 920 3111 commorantibus
937 3038 1071 3129 justum
1092 3046 1355 3131 cognoscentes,
1384 3059 1464 3110 eum
1483 3038 1682 3111 anctoritate
1704 3040 1800 3134 regia

395 3161 657 3253 confirmamus;
679 3162 780 3237 dictis
797 3162 935 3235 civibus
953 3163 1129 3258 superbis
1144 3172 1349 3259 perpetuum
1370 3161 1544 3234 silentium
1562 3161 1799 3257 imponentes,

394 3286 556 3360 volumus
572 3295 608 3359 et
623 3286 828 3359 mandamns
838 3294 873 3359 ct
887 3285 954 3359 snb
966 3285 1107 3359 obtentu
1123 3286 1233 3380 gratie
1245 3294 1360 3359 nostre
1369 3284 1580 3380 precipimus
1592 3294 1633 3356 ut
1644 3284 1802 3359 homines

395 3408 558 3482 antedicti
574 3409 747 3505 preposito
770 3418 804 3483 et
821 3409 973 3505 capitulo
990 3410 1187 3484 memoratis
1209 3418 1245 3483 et
1260 3430 1331 3483 non
1353 3410 1414 3483 olii
1428 3408 1474 3483 de
1496 3419 1609 3484 cetero
1624 3412 1797 3502 serviant,

394 3542 499 3629 prout
511 3533 548 3605 in
562 3533 789 3607 instrumento
811 3554 916 3629 super
932 3554 1097 3629 processu
1119 3533 1202 3609 dicti
1219 3532 1354 3607 abbatis
1370 3534 1527 3607 contecto
1543 3535 1678 3631 plonius
1691 3537 1801 3609 conti·

395 3666 515 3747 netur;
535 3660 636 3751 cujus
659 3666 755 3731 tenor
772 3658 850 3731 talis
867 3667 950 3733 cst:

443 3782 558 3876 Hugo,
574 3780 638 3853 Dei
651 3782 761 3876 gratia
778 3780 1013 3856 Morbocensis
1026 3781 1148 3873 abbas,
1161 3782 1333 3856 universis
1346 3792 1539 3879 presentem
1554 3784 1716 3878 paginam
1742 3785 1801 3857 in-

395 3904 563 4001 specturis
576 3904 722 3977 salntem
734 3905 771 3977 in
778 3906 938 3979 Domino.
954 3905 1049 3980 Scire
1062 3908 1225 3979 volumus
1235 3928 1355 3981 omnes
1363 3927 1452 4002 quos
1462 3908 1550 3981 scire
1561 3908 1663 3981 fucrit
1675 3930 1801 4005 oppor-

394 4038 519 4101 tunum
534 4027 630 4123 qnod
646 4049 727 4101 cnm
743 4029 789 4102 sd
805 4030 1001 4104 instantiam
1020 4041 1055 4103 et
1072 4031 1272 4125 petitionem
1289 4030 1422 4105 domini
1444 4032 1577 4104 Ottonis
1592 4033 1801 4107 venerabilis

395 4154 781 4229 Solodcrcnsisecclesie
793 4156 965 4253 prepositi
976 4165 1011 4229 ot
1024 4156 1079 4229 sui
1097 4155 1251 4251 capituli,
1266 4157 1427 4230 dominns
1444 4166 1559 4231 noster
1576 4158 1717 4231 illustris
1732 4160 1799 4233 lto·

394 4298 579 4352 mancmm
592 4298 657 4351 rex
674 4298 810 4375 semper
824 4288 994 4374 augustus
1007 4280 1107 4353 nobis
1121 4279 1273 4353 dedisset
1292 4280 1330 4352 in
1352 4281 1524 4355 mandetis
1545 4290 1702 4378 utsuper
1715 4305 1802 4357 con-

393 4402 562 4476 troversia
576 4422 646 4496 qne
661 4402 750 4475 inter
762 4403 968 4494 Jamdictum
981 4404 1193 4501 prepositum
1205 4414 1242 4477 et
1250 4426 1354 4477 sunm
1365 4405 1555 4501 capitulum
1570 4426 1618 4479 ex
1627 4416 1802 4502 nnepcrte

394 4534 429 4599 et
444 4525 540 4599 cives
555 4524 798 4601 Solodorenses
814 4548 862 4601 ox
877 4528 984 4602 altera
998 4527 1195 4603 vertebatur
1213 4550 1275 4624 pro
1291 4528 1487 4601 hominibus
1510 4530 1625 4603 Sancti
1641 4531 1718 4603 Ursi
1738 4534 1802 4627 qui

397 4648 482 4721 citra
489 4647 626 4721 Ararim
641 4649 686 4723 de
702 4659 800 4747 porte
814 4652 940 4725 montis
954 4652 1077 4727 lebrin
1095 4662 1360 4743 commorantur,
1379 4652 1512 4747 dejure
1527 4654 1708 4751 utriusque
1722 4679 1801 4753 par-

440 4822 484 4904 (a)
505 4824 622 4887 seror
633 4824 698 4889 Aer
711 4832 742 4890 ct
752 4825 941 4911 Laetum.

475 4926 527 4991 lv.
550 4943 639 4991 ems
1604 4945 1638 4997 81
