4859 6359
613 802 675 867 sse
1110 808 1324 873 rnrnnrucr
1349 808 1522 890 snorum
1833 814 1913 893 [asa
1931 814 2017 877 raas

665 942 790 1012 Datum
807 939 901 1037 apud
920 940 1091 1015 Franszen
1114 940 1180 1039 (t),
1200 964 1293 1017 anno
1318 942 1491 1019 dominice
1510 946 1757 1021 incarnationis
1778 946 2017 1042 Mccmvl,

616 1084 735 1138 mense
754 1065 857 1159 maio,
874 1086 967 1142 nona
984 1064 1184 1143 indictione.

670 1650 902 1760 Fridericus,
921 1650 1182 1735 Romanorum
1203 1651 1422 1760 imperator,
1442 1678 1514 1762 pm
1532 1652 1650 1763 gratis
1668 1661 1706 1737 et
1720 1653 1866 1737 deuotis
1882 1652 2021 1737 ciuium

617 1782 961 1867 wormaciensium
979 1781 1159 1890 servitiis,
1177 1782 1418 1902 privilegium
1440 1785 1583 1868 eisdem
1605 1810 1630 1868 a
1652 1810 1692 1869 se
1718 1796 1886 1895 tempore
1913 1784 2020 1893 regni

618 1916 678 1999 sui
695 1916 888 2000 indultum
908 1916 1040 1999 inserit
1056 1925 1094 1999 et
1109 1916 1328 2000 renovando
1344 1916 1558 2001 confirmat.

698 2130 834 2210 (lldtder.
850 2130 982 2202 bionna,
991 2126 1188 2212 Attum
1197 2145 1255 2191 oca
1269 2127 1392 2207 Worm,
1406 2130 1547 2209 append,
1560 2140 1595 2193 ιι·
1607 2130 1689 2207 XIV,
1704 2148 1735 2211 p.
1750 2139 1863 2195 tee-
1870 2130 2022 2193 flamm.-

736 2252 842 2309 nnn,
856 2232 1074 2316 prmotbrl.
1086 2234 1207 2298 neuere
1219 2232 1269 2298 da
1279 2234 1364 2299 lma.
1378 2234 1556 2311 ederem.
1570 2242 1644 2301 tom.
1658 2238 1699 2313 11,
1714 2253 1745 2315 p.
1763 2245 1835 2318 ate,
1847 2236 1880 2299 n·
1893 2233 2020 2315 ccxn.)

668 2424 861 2499 innomine
882 2434 1000 2498 sancte
1019 2433 1055 2498 et
1071 2423 1257 2500 individue
1271 2426 1455 2500 Trinitatis.
1474 2426 1668 2500 Fridericus
1684 2424 1879 2517 secundos,
1901 2424 2022 2499 divina

619 2552 757 2624 lavante
770 2550 951 2623 clementia
965 2549 1196 2623 Romanorum
1221 2552 1405 2646 imperator
1425 2572 1561 2647 semper
1580 2559 1767 2646 augustus,
1784 2550 1971 2625 Jerusalem
1988 2559 2024 2623 et

620 2674 734 2747 Sicilie
757 2694 833 2745 rex.
858 2672 1045 2768 Imperialis
1066 2673 1247 2746 clementia
1272 2696 1392 2747 eorum
1411 2675 1503 2769 iuste
1520 2674 1656 2749 devotis
1678 2674 1898 2769 petitionibus
1922 2694 2023 2747 aures

618 2820 680 2872 sue
696 2799 833 2893 pietatis
846 2798 1081 2871 accommodat
1094 2819 1244 2893 quorum
1260 2798 1426 2893 obsequia
1449 2799 1556 2891 digne
1573 2800 1712 2894 prestita
1735 2806 1828 2871 tanto
1851 2798 2024 2871 liberalius

620 2922 811 2995 desiderata
837 2930 1011 2994 merentur
1041 2922 1210 3018 accipere,
1237 2932 1367 3017 quanto
1391 2922 1465 3017 ipsa
1488 2924 1628 2997 servitm
1654 2924 1814 3016 majestas
1837 2922 2024 3017 imperialis

620 3047 768 3141 gratiora
790 3066 829 3119 se
844 3046 962 3118 recolit
984 3047 1167 3141 recepisse.
1188 3046 1284 3119 Tunc
1302 3047 1395 3119 enim
1411 3045 1564 3139 jocunda
1587 3046 1804 3119 subditorum
1827 3044 1966 3117 devotio
1987 3045 2024 3115 in

620 3170 719 3243 solita
737 3170 885 3264 persistit
913 3178 949 3242 et
971 3168 1018 3242 ad
1040 3168 1264 3243 serviendum
1287 3170 1432 3265 imperio
1462 3171 1651 3245 ferventius
1673 3170 1856 3243 animatur.
1876 3169 1948 3241 lieo
1968 3167 2024 3240 si-

620 3293 762 3389 quidem
789 3295 920 3366 ratione
941 3292 1054 3383 docti,
1074 3303 1194 3367 notum
1213 3296 1475 3367 essevolumus
1498 3304 1567 3367 lam
1595 3294 1813 3389 presentibus
1837 3314 1942 3387 quarn
1969 3293 2024 3363 lu·

623 3418 709 3491 toris
734 3416 830 3511 quod
851 3417 1025 3488 constituti
1040 3438 1156 3491 coram
1178 3418 1281 3491 nobis
1303 3418 1399 3491 cives
1425 3416 1693 3491 Wormetienses
1717 3416 1834 3490 devoti
1852 3427 1887 3489 at
1908 3414 2025 3489 lidelee

621 3541 728 3613 nostri
747 3541 983 3613 exhibuemnt
1008 3540 1204 3613 celsitudini
1222 3550 1336 3615 nostre
1360 3541 1541 3635 quoddam
1562 3540 1781 3637 privilegium
1808 3540 1893 3636 ipsis
1910 3562 1932 3614 a
1951 3561 2024 3613 ma·

616 3666 740 3758 jestate
764 3674 880 3737 nostra
902 3664 1129 3736 conuaditum
1152 3674 1306 3759 tempore
1330 3666 1428 3759 regni
1456 3666 1580 3752 nostri,
1610 3665 1842 3761 supplicantes
1862 3664 1950 3738 illud
1972 3668 2027 3736 inu

622 3788 743 3861 novari
765 3788 893 3883 pariter
918 3798 954 3860 et
977 3787 1022 3861 de
1045 3788 1261 3883 plenitudine
1284 3797 1399 3861 nostre
1426 3790 1537 3882 gratie
1564 3788 1776 3881 confirmari;
1803 3790 1904 3882 cujus
1929 3800 2025 3862 tenor

621 3912 700 3985 talis
717 3919 814 3985 erat:

673 4032 851 4133 [Sequitur
866 4032 912 4107 de
932 4035 1040 4109 verbo
1059 4034 1106 4108 ad
1125 4037 1271 4109 verbum
1292 4036 1512 4131 privilegium
1536 4036 1654 4110 datum
1672 4036 1767 4132 apud
1785 4036 2022 4126 Frankeniort‚

623 4181 716 4233 anno
729 4158 894 4248 MCCXX,
915 4159 976 4230 llll
990 4160 1150 4233 calendas
1167 4160 1264 4248 maii,
1286 4159 1404 4233 indict.
1426 4170 1564 4254 octove3
1580 4160 1676 4256 quod
1693 4183 1798 4258 supra
1816 4160 2022 4251 videndum,

621 4294 648 4356 t.
667 4285 695 4371 l,
715 4306 752 4378 p.
770 4280 873 4379 925]

670 4406 739 4479 Nos
769 4407 886 4499 itaque
911 4404 1127 4479 attendentes
1152 4406 1335 4502 puritatem
1369 4406 1451 4481 fidei
1479 4430 1521 4481 ao
1544 4407 1736 4481 devolionis
1761 4428 1832 4501 qua
1860 4410 2025 4503 prenotati

623 4529 718 4601 cives
743 4530 1008 4602 wormatienses
1033 4530 1310 4625 pmgsnitoribos
1333 4532 1457 4605 nostris
1481 4532 1572 4606 divis
1594 4532 1750 4622 augustis
1777 4540 1968 4605 constanter
1992 4542 2028 4603 et

801 4724 1093 4733 .-...„-.-.-.--------
1270 4726 1666 4737 ---—--—.·-----·-n--

660 4831 696 4905 (t)
716 4832 761 4890 Sic
772 4848 816 4907 ap.
831 4832 917 4906 liuga,
928 4848 963 4891 er
974 4834 1051 4907 copia
1062 4834 1243 4893 verisimiliter
1255 4836 1393 4908 mendose,
1404 4852 1466 4894 cum
1478 4836 1558 4894 luerit
1570 4836 1597 4893 in
1611 4834 1763 4893 authentico
1779 4834 1975 4915 chokcasord
1986 4835 2028 4893 vel

625 4930 787 5003 hujusmodi.
806 4931 892 4989 Locus
903 4932 974 4989 enim
985 4930 1086 5004 optime
1097 4932 1232 4992 itinerario
1243 4948 1274 4993 se
1287 4932 1478 4993 accommodat.
