4859 6359
374 1332 486 1427 taen

401 1438 462 1481 W.

1097 740 1404 804 eneruauerunt.

605 1313 877 1425 Fragmentum
899 1315 947 1397 de
972 1316 1097 1425 prima
1122 1316 1301 1400 Friderici
1329 1318 1508 1425 mundi,
1536 1318 1795 1402 Romanorum
1826 1318 1955 1425 impe-

549 1446 708 1554 ratoris,
727 1446 767 1526 in
785 1445 1020 1529 Lombardos
1041 1448 1290 1556 expeditione.

631 1658 754 1738 (loedlt.
768 1675 806 1719 ex
819 1659 919 1720 eodlee
930 1658 1089 1719 Harleteno
1101 1658 1216 1721 Musaei
1229 1660 1377 1737 britann,
1392 1671 1426 1721 n⁰
1440 1668 1529 1736 atta,
1545 1660 1597 1722 iol.
1612 1671 1648 1723 21
1664 1667 1852 1723 roemrerso.
1864 1660 1955 1739 Cujus

669 1764 828 1843 fragmenti
840 1766 956 1842 coptam
967 1763 1054 1825 nobb
1064 1763 1225 1827 liberanter
1237 1765 1308 1827 lectt
1320 1769 1368 1827 vlr
1379 1770 1513 1847 vegius
1525 1768 1652 1843 Panlrsl,
1665 1767 1859 1829 bibliothecae
1870 1768 1955 1829 lno-

667 1870 797 1933 dlnensle
809 1873 966 1949 pdmarlm
977 1870 1101 1950 custos.)

597 2054 837 2129 MCCXXXVI.
858 2054 898 2126 ln
915 2055 1075 2151 proximo
1100 2077 1220 2129 mense
1254 2058 1413 2151 augusti,
1439 2058 1620 2151 imperator
1647 2056 1849 2129 Fredericas
1875 2076 1954 2127 eum

550 2200 676 2273 magno
696 2177 985 2250 Tbeutouicorum
1015 2178 1170 2251 exercito
1195 2178 1367 2253 Veronam
1392 2180 1557 2273 seaeant,
1576 2189 1612 2253 et
1635 2179 1718 2252 inde
1735 2178 1784 2275 (a)
1804 2188 1954 2252 semotos

549 2302 645 2376 venit
666 2322 745 2372 cum
766 2300 910 2372 Yzoliuo
930 2300 976 2373 de
999 2301 1154 2373 Romano
1171 2311 1206 2375 et
1227 2304 1485 2377 Veronensibus
1504 2302 1550 2399 (b)
1569 2302 1616 2376 ad
1632 2304 1761 2375 flumen
1777 2303 1898 2375 Meucii
1920 2316 1955 2375 et

549 2430 808 2496 castrametatus
828 2432 892 2495 est.
920 2421 1006 2495 Com
1028 2424 1120 2495 enim
1145 2425 1251 2498 vellet
1271 2425 1472 2499 Cremonam
1496 2426 1675 2517 accedere,
1694 2425 1872 2499 Mantuani
1894 2445 1955 2496 re-

548 2547 733 2620 bellabant.
763 2545 960 2617 Brixienses
986 2554 1101 2619 autem
1132 2570 1212 2619 cum
1243 2550 1579 2639 Mediolanensibus,
1614 2548 1782 2620 militibus
1813 2568 1954 2643 quoque

547 2670 719 2761 Bononia,
749 2668 901 2759 Feraria,
927 2670 1083 2757 Mantua,
1108 2671 1247 2763 uode,
1275 2672 1525 2765 vercellarum,
1554 2671 1759 2763 Cumarum,
1784 2671 1953 2761 Novaria,

548 2792 771 2884 Alexandria,
790 2803 825 2865 et
840 2793 917 2866 aliis
934 2815 1013 2865 cum
1026 2795 1170 2867 earociis
1183 2795 1281 2891 apud
1294 2796 1575 2869 Montemclarum
1589 2792 1670 2866 lixis
1686 2794 1874 2889 temptoriis
1892 2814 1955 2867 re-

549 2918 725 2991 sistebant.
751 2917 884 2990 Interea
907 2916 1151 2991 Cremonenses
1171 2929 1206 2991 et
1228 2920 1428 2992 Parmenses
1451 2941 1531 2992 cnm
1557 2918 1698 3011 Reginis
1719 2926 1754 2989 et
1778 2918 1955 2990 Mutinen-

549 3044 646 3117 sibus
661 3042 868 3138 inpartibus
887 3041 932 3114 de
954 3042 1106 3115 Yeollela
1121 3064 1225 3139 super
1241 3044 1384 3117 llumine
1400 3043 1467 3116 Olii
1480 3042 1646 3135 alborgati
1662 3040 1878 3130 residebant,
1893 3042 1954 3136 qui

551 3166 608 3240 die
623 3168 671 3239 xl
689 3166 817 3239 mensis
830 3166 1034 3261 septembris
1047 3168 1196 3263 proximi
1212 3168 1337 3240 relictis
1351 3168 1456 3241 carris
1473 3188 1536 3263 pro
1554 3165 1675 3259 maj0ri
1695 3174 1792 3261 parte
1809 3165 1956 3261 sumptis

551 3290 656 3362 armis
677 3298 749 3363 tam
766 3290 950 3385 populares
966 3312 1072 3385 quam
1096 3290 1222 3364 milites
1243 3292 1410 3365 ascherati
1433 3312 1494 3387 per
1511 3300 1619 3364 terras
1634 3290 1868 3363 Brixiensium
1890 3288 1954 3361 ite·

550 3421 665 3485 rantes
681 3412 728 3485 ad
743 3412 872 3484 flumen
888 3412 981 3485 Gesii
997 3425 1246 3509 pervenerunt,
1266 3436 1335 3488 non
1351 3414 1519 3488 distantes
1536 3414 1582 3487 ab
1604 3414 1759 3486 exercitu
1782 3412 1898 3485 Bn'xie
1921 3421 1957 3485 et

550 3536 737 3611 Mediolani
755 3536 844 3609 oltra
860 3534 930 3609 dno
946 3536 1110 3627 miliaria,
1128 3547 1198 3613 tota
1215 3548 1317 3612 noete
1331 3538 1453 3611 armati
1475 3547 1509 3611 et
1526 3537 1693 3611 aseherati
1716 3537 1956 3632 imperatorem

551 3669 785 3757 expectantes.
806 3660 1004 3754 Intelligens
1022 3660 1206 3758 imperator
1223 3662 1467 3735 &ebronenses
1485 3670 1520 3735 et
1537 3662 1737 3734 Parmenses
1753 3660 1786 3733 ei
1799 3658 1954 3751 obviare,

552 3805 688 3857 summo
710 3805 812 3857 mane
834 3784 996 3857 tubarum
1011 3785 1126 3859 sonitu
1149 3796 1259 3861 eastra
1277 3807 1417 3860 movere
1437 3786 1548 3879 jubet.
1564 3782 1764 3857 decendens
1786 3783 1823 3853 in
1845 3802 1954 3877 equo,

552 3908 686 3981 elevata
711 3904 757 4003 (c)
781 3927 869 3980 voce
898 3929 1013 3982 coram
1041 3909 1256 4006 principibus
1285 3918 1494 4003 conquestus
1522 3909 1587 3981 luit
1615 3907 1735 3981 dicens
1760 3933 1769 3975 ε
1798 3905 1956 3991 «Quom

552 4030 725 4127 peregrini
740 4040 776 4103 et
792 4030 942 4104 viatores
958 4033 1137 4107 ambulant
1158 4034 1302 4130 ubique,
1320 4056 1386 4129 ego
1403 4042 1519 4107 autem
1537 4053 1607 4106 non
1623 4053 1701 4105 sum
1715 4052 1822 4102 ausus
1836 4028 1957 4123 agredi

552 4176 616 4252 per
632 4163 740 4227 terras
761 4153 911 4250 imperii.
930 4156 1099 4231 »Deinde
1113 4157 1228 4231 statim
1249 4166 1425 4253 assumpta
1440 4156 1557 4251 aquila
1574 4176 1681 4228 manu
1703 4152 1856 4250 propria,
1877 4173 1957 4223 eum

553 4277 768 4374 principibus
783 4278 875 4374 oepit
896 4279 1026 4353 flumen
1051 4280 1173 4354 ldencii
1199 4280 1344 4353 transire
1368 4289 1403 4353 et
1425 4279 1537 4367 omnis
1554 4278 1728 4352 exercitus
1745 4296 1826 4347 cum
1846 4294 1901 4364 eo,
1924 4281 1958 4345 et

554 4399 743 4496 equitando
771 4399 817 4473 ad
840 4402 1029 4476 exercitum
1061 4402 1324 4479 Cremonensem
1350 4403 1518 4499 pervenit.
1549 4401 1665 4475 Altera
1690 4398 1749 4475 die
1774 4400 1958 4493 imperator

593 4638 635 4719 (a)
655 4639 693 4700 In
705 4638 805 4699 codiee
814 4638 903 4700 inter.

592 4744 636 4825 (b)
656 4746 692 4805 ln
704 4744 805 4806 codiee
823 4745 974 4808 Veronam.

594 4851 631 4931 (c)
653 4851 689 4911 lu
702 4850 802 4913 codiee
815 4846 931 4912 elevata
