4859 6359
1195 778 1503 843 subtrahentis

501 1369 505 1377 ‚
701 1266 909 1371 Heminae,
935 1264 1195 1348 Romanorum
1221 1288 1311 1373 rex,
1342 1265 1524 1377 Gregorio
1554 1290 1674 1375 papae
1700 1264 1831 1347 scribit
1856 1291 1897 1348 se
1927 1291 2052 1374 spon-

451 1366 627 1533 loeffiffi
648 1413 757 1486 tanee
788 1397 975 1511 juravisse
1010 1398 1115 1507 quod
1141 1396 1330 1506 quidquid
1357 1406 1395 1479 et
1425 1396 1572 1505 quoties
1597 1398 1803 1505 imperator
1827 1408 1935 1505 pater
1961 1424 2053 1480 sous

650 1559 716 1619 ore
736 1530 797 1617 vel
822 1530 957 1613 litteris
982 1528 1220 1611 mandaverit
1246 1528 1481 1637 iaciendum,
1506 1528 1547 1611 id
1568 1528 1780 1611 voluntarie
1802 1540 1840 1611 et
1861 1528 2054 1611 bonafide

650 1662 869 1774 complebit,
888 1666 943 1745 ita
960 1672 1003 1746 ut
1019 1660 1052 1743 si
1069 1670 1200 1743 eontra
1218 1660 1375 1769 venerit,
1395 1671 1544 1769 praeter
1556 1685 1719 1769 poenam
1736 1660 1906 1770 perjurii,
1927 1660 2054 1771 ipsum

650 1796 1018 1881 excommunicatum
1035 1794 1120 1903 ipso
1136 1792 1237 1875 iacto
1255 1792 1479 1875 denuntiare
1495 1818 1616 1901 papae
1633 1792 1755 1875 liceat.

729 1983 791 2061 tCi.
805 1998 911 2061 supra,
924 1999 955 2060 p.
972 1988 1041 2053 565,
1055 1980 1109 2041 ubi
1127 1978 1341 2041 documentum
1354 1980 1434 2059 quod
1447 1980 1632 2057 deperditum
1644 1980 1833 2059 putabamus,
1848 1980 1939 2041 inisse
1951 1982 2055 2043 datum

769 2090 858 2167 paulo
871 2094 949 2166 post,
964 2086 1075 2147 seliloet
1087 2086 1168 2163 apud
1181 2084 1348 2147 Slhidetum
1361 2086 1393 2146 in
1404 2084 1481 2147 Foro
1495 2086 1577 2158 lulli,
1592 2090 1639 2147 sat
1651 2084 1795 2163 probabili
1808 2090 1976 2165 conjectura
1989 2104 2055 2149 mo-

768 2198 897 2255 nuimus.
921 2193 1009 2254 Nune
1030 2207 1102 2253 vero
1122 2190 1198 2252 iilud
1223 2193 1300 2251 tanti
1318 2192 1404 2269 pretii
1426 2192 1654 2254 instrumentum
1677 2193 1897 2271 integerrimum
1918 2193 2056 2255 exhihere

770 2315 942 2379 possumus,
960 2301 1046 2377 eolus
1062 2296 1148 2358 nohis
1167 2312 1284 2359 mmma
1302 2296 1485 2359 humanitate
1504 2314 1560 2359 ene
1578 2299 1693 2375 eoptam
1710 2298 1780 2359 ieett
1792 2298 1982 2360 Βοώωεηιι.
1997 2300 2057 2375 Qut

677 2427 679 2430 ·
772 2408 894 2489 qmdem
908 2405 986 2465 hane
998 2404 1150 2481 epistolam
1163 2404 1277 2464 luvelt
1297 2418 1347 2480 ep.
1367 2402 1520 2482 Purme,
1540 2399 1627 2463 Liber
1638 2400 1772 2485 privileg.
1785 2401 1894 2465 seda.
1918 2404 2055 2477 Romen„

769 2524 794 2577 t.
810 2516 835 2587 1,
850 2514 898 2575 iot
917 2522 966 2587 te,
979 2511 1066 2574 MSS.
1081 2512 1114 2571 ln
1126 2510 1179 2571 iol.
1193 2508 1319 2571 membr.
1334 2526 1393 2572 see.
1408 2510 1480 2573 XVI
1490 2512 1617 2589 meunt,
1631 2514 1663 2573 in
1677 2510 1798 2573 mehivo
1810 2510 1966 2573 Vaticano.
1982 2514 2055 2573 Bre-

770 2626 846 2683 viter
859 2636 979 2699 quoque
991 2624 1116 2679 extrem.
1130 2618 1163 2678 in
1176 2616 1280 2678 litteris
1297 2614 1428 2695 Gregorii
1440 2630 1552 2695 papae,
1566 2632 1616 2694 ap.
1630 2615 1849 2692 Wusnrwsm,
1864 2618 1934 2681 Noe.
1947 2615 2052 2679 nata

768 2724 931 2809 diplomat,
945 2731 971 2786 t.
985 2726 1014 2796 1,
1029 2740 1058 2801 p.
1074 2726 1139 2797 at.)

701 2888 920 2965 Sanctissimo
942 2885 979 2957 in
1007 2883 1142 2957 Christo
1163 2883 1253 2977 petri
1279 2891 1315 2955 et
1344 2880 1484 2956 domino
1513 2882 1697 2977 Gregorio,
1721 2883 1784 2955 Dei
1808 2884 1919 2978 gratia
1940 2908 2056 2961 sacro·

652 3023 770 3090 sancte
783 3014 937 3085 Romana
955 3008 1108 3080 Eooiesie
1125 3026 1264 3079 sommo
1282 3004 1449 3101 pontifici,
1466 3006 1647 3099 ilenricue,
1668 3004 1791 3081 eedem
1807 3008 1917 3103 gratia
1931 3010 2056 3085 Roma·

652 3160 776 3213 norum
800 3156 865 3208 rex
889 3141 925 3207 et
941 3152 1077 3227 semper
1095 3139 1277 3222 augustus,
1298 3129 1444 3203 salntem
1462 3138 1497 3201 et
1515 3130 1740 3203 reverentiam
1760 3128 1910 3205 filialem.
1931 3134 2055 3206 Notum

653 3264 699 3337 sit
726 3257 917 3357 paternitati
944 3262 1056 3327 vestra
1082 3254 1179 3349 quod
1212 3272 1276 3325 nos
1305 3251 1504 3346 diligentius
1532 3251 1747 3327 auandentes
1774 3262 1950 3351 paternam
1974 3278 2057 3351 erga

652 3406 717 3458 nos
738 3382 814 3456 divi
829 3378 967 3472 augusti
989 3376 1097 3473 patris
1111 3376 1217 3448 nostri
1243 3374 1375 3447 domini
1396 3374 1559 3447 Friderioi
1578 3376 1809 3451 Romanorum
1826 3378 2053 3473 imperatoris,

651 3506 864 3581 Hierusalem
880 3511 915 3574 et
929 3500 1043 3573 Sicilie
1058 3498 1150 3594 regis
1163 3498 1317 3587 illustris,
1333 3497 1600 3570 benivolentiam
1617 3506 1653 3572 et
1669 3498 1835 3591 savorem,
1852 3510 1892 3571 nt
1904 3501 1942 3573 in
1957 3504 2057 3577 nobis

653 3633 686 3706 ei
705 3632 796 3703 bene
822 3626 1048 3722 oompiaceat,
1072 3634 1107 3695 et
1131 3622 1303 3719 principes
1327 3630 1362 3693 at
1390 3618 1511 3694 fideles
1536 3620 1670 3718 imperii
1695 3632 1811 3696 nostra
1835 3625 2059 3702 unanimitate

653 3757 812 3844 letentur,
837 3761 872 3824 et
896 3747 1008 3821 omnis
1031 3746 1191 3819 materies
1215 3744 1509 3838 tergiversationis
1535 3745 1689 3839 nequitie
1709 3744 1755 3819 de
1779 3744 1897 3821 medio
1922 3750 2059 3844 penitus

655 3878 844 3965 auferatur,
869 3881 965 3945 motu
986 3869 1126 3966 proprio
1147 3878 1183 3941 et
1207 3876 1396 3963 spontanea
1424 3868 1601 3942 voluntate
1619 3868 1817 3961 juravimus
1842 3868 1937 3965 quod
1961 3874 2060 3966 quio-

656 3999 745 4097 quid
766 4007 800 4071 et
814 3995 973 4091 quotiens
988 3992 1081 4065 idem
1100 3992 1183 4064 ielis
1201 4000 1236 4064 et
1257 3992 1406 4087 inclytus
1429 4000 1525 4087 pater
1548 4001 1664 4063 noster
1685 3991 1867 4065 nobiscum
1885 3992 2056 4089 disponet,

656 4134 718 4197 ant
740 4142 801 4195 ore
816 4140 880 4192 suo
901 4118 958 4191 vel
977 4116 1096 4189 litteris
1116 4116 1189 4188 suis
1218 4115 1435 4189 mandaverit
1453 4114 1668 4207 iaciendum,
1691 4115 1885 4187 voluntarie
1909 4128 1944 4190 et
1968 4116 2060 4193 bona

656 4246 727 4320 lide
744 4241 998 4339 oonpiebimus,
1022 4260 1087 4312 neo
1101 4240 1229 4311 erimus
1247 4238 1283 4308 in
1302 4236 1407 4329 dioto,
1428 4238 1535 4320 iacto,
1554 4233 1696 4309 oonsilio
1711 4258 1774 4310 seu
1795 4258 1982 4332 consensu,
2001 4242 2059 4314 vei

656 4369 778 4445 litteris
791 4364 940 4463 publicis
957 4362 1013 4436 vel
1028 4362 1170 4435 occultis
1182 4360 1316 4455 aliquid
1333 4360 1593 4457 procurabimus
1607 4368 1668 4432 aut
1679 4360 1866 4455 quicquam
1880 4362 2057 4456 iaciemus,

655 4492 751 4589 quod
773 4490 820 4563 ati
837 4485 1095 4561 inoommodum
1114 4493 1150 4559 et
1166 4486 1333 4559 damnum
1352 4503 1498 4579 persone
1518 4502 1581 4555 sen
1603 4490 1710 4573 tene,
1733 4482 1871 4557 honoris
1892 4493 1928 4557 et
1946 4486 2060 4580 digni·

655 4617 734 4689 tatis
761 4635 824 4686 seu
852 4610 1095 4685 detrimentum
1119 4606 1234 4680 eidem
1259 4606 1346 4703 patri
1372 4613 1489 4678 nostro
1512 4604 1625 4679 cedat.
1651 4604 1688 4678 Si
1712 4604 1792 4700 quis
1815 4614 1931 4681 autem
1953 4610 2011 4682 vel
2029 4610 2060 4682 si

655 4760 726 4836 que
744 4736 862 4809 verbis
878 4736 934 4808 vel
960 4733 1059 4806 iactis
1080 4730 1222 4827 privatis
1238 4730 1295 4804 vel
1317 4729 1507 4803 manifestis
1529 4728 1662 4825 aliquid
1680 4732 1890 4826 suggesserit
1907 4734 1962 4806 vel
1981 4754 2061 4831 per·

657 4858 814 4949 suaserit,
834 4856 929 4952 quod
946 4856 990 4929 sit
1007 4864 1124 4929 eontra
1141 4854 1290 4928 eundem
1304 4862 1435 4949 patrem
1452 4862 1607 4927 nostrum
1625 4879 1634 4925 ε
1652 4854 1766 4929 statim
1782 4876 1845 4951 per
1859 4856 1987 4931 litteras
2003 4858 2061 4932 vel
