4859 6359
434 719 530 778 lsnrcr.
547 715 588 800 9.]
618 773 619 778 ,
875 716 1073 779 HISTORIA
1099 719 1391 781 ntrnortttmcn
1777 723 1838 784 849

431 853 528 924 velut
550 853 586 922 in
605 851 765 945 speculo,
787 851 985 942 collocatur,
1011 864 1105 926 tento
1131 855 1316 949 perfectius
1338 854 1438 925 zelari
1463 875 1581 948 pacem
1606 857 1833 949 compellitur,

433 983 562 1068 quanto
586 983 722 1047 tenetur
752 974 935 1046 instantius
962 997 1088 1050 vacare
1109 978 1247 1068 justicie
1269 977 1505 1067 subditorum,
1532 988 1572 1048 ut
1600 999 1705 1070 quam
1732 979 1836 1052 totius
1961 1029 1967 1040 ·

433 1096 526 1169 orbis
554 1097 704 1168 ambitus
730 1096 987 1188 quodammodo
1015 1097 1130 1171 debita
1156 1101 1340 1173 devotione
1367 1099 1535 1192 deposcit,
1562 1102 1708 1194 quasia
1736 1103 1837 1175 nobis

433 1219 650 1313 presentibus
665 1219 850 1308 obtineret;
868 1222 967 1312 cujus
985 1241 1066 1294 vere
1081 1231 1151 1294 tam
1169 1225 1312 1317 spiritus
1328 1243 1434 1317 quam
1452 1221 1593 1295 allectus
1610 1225 1706 1296 velut
1723 1223 1836 1297 tidelis

433 1350 467 1414 et
491 1341 645 1436 prudens
663 1341 713 1436 (a)
734 1342 857 1436 spiritu
880 1343 969 1414 vivit
995 1344 1147 1439 imperii,
1172 1355 1210 1416 nt
1232 1367 1275 1418 eo
1299 1347 1483 1439 languente
1509 1347 1671 1439 langueat
1693 1355 1728 1419 et
1759 1347 1835 1441 ipso

433 1471 653 1558 prosperante
671 1465 805 1536 letetur.
827 1465 898 1536 Nec
915 1466 1027 1537 solum
1047 1467 1083 1538 in
1101 1468 1346 1563 temporalibus
1361 1468 1492 1539 solatiis
1511 1466 1557 1564 (t)
1571 1467 1746 1540 christiani
1765 1490 1835 1563 po-

394 1565 399 1574 ’
434 1585 505 1678 puli
532 1587 690 1658 tenebras
720 1587 863 1658 Romani
891 1588 1014 1682 sceptri
1044 1591 1157 1680 lulgor
1181 1590 1386 1661 illuminat:
1415 1590 1478 1662 sed
1502 1600 1537 1662 ct
1559 1591 1725 1663 catholice
1753 1589 1835 1664 fidei

435 1708 632 1780 fulcimenta
650 1731 718 1781 non
739 1710 829 1781 levia
855 1711 1108 1802 subministrat,
1133 1711 1216 1784 dum
1247 1723 1352 1808 capnt
1379 1723 1414 1785 et
1443 1723 1586 1785 matrem
1614 1714 1836 1786 ecelesiarum

434 1832 601 1921 omnium,
616 1831 858 1925 Apostolorum
883 1833 1025 1924 Sedern,
1045 1835 1133 1907 iutra
1154 1836 1259 1907 totins
1277 1835 1410 1930 imperii
1423 1837 1573 1929 potentie
1586 1837 1718 1908 viscera
1732 1838 1836 1909 collo·

434 1963 563 2042 catam,
583 1975 603 2024 a
624 1977 694 2048 qua
712 1955 854 2028 ecclesie
873 1956 1010 2028 urbium
1027 1957 1241 2050 singularum
1261 1967 1297 2029 et
1317 1958 1468 2029 locorum
1489 1959 1721 2052 quorumlibet
1737 1968 1837 2031 aute·

436 2076 543 2146 uitatis
559 2077 707 2169 insignia
730 2078 869 2149 trabunt
886 2090 921 2150 et
934 2079 1150 2150 instruuntur
1167 2081 1349 2174 exemplis,
1363 2079 1589 2152 hereticorum
1607 2080 1761 2174 perfidiis
1781 2083 1838 2153 vel

435 2199 626 2292 aliquorum
655 2199 788 2290 iniuriis
813 2201 949 2273 concuti
973 2221 1042 2272 nou
1062 2202 1235 2295 permittat
1252 2200 1307 2298 (c).
1327 2202 1467 2297 Propter
1487 2203 1583 2296 quod
1604 2205 1835 2297 gratissimum

435 2321 557 2394 offerre
592 2323 676 2394 vivo
708 2325 779 2396 Deo
811 2332 973 2419 putamus
999 2326 1227 2418 obsequium,
1255 2327 1285 2396 si
1314 2328 1387 2398 zelo
1415 2327 1582 2400 laudabili
1608 2337 1644 2399 et
1668 2329 1836 2401 constanti

395 2438 399 2444 ’
436 2442 608 2537 proposito
633 2445 679 2518 ad
710 2447 813 2518 totins
832 2448 967 2543 imperii
989 2451 1112 2520 statum
1133 2448 1316 2544 pacificum
1334 2459 1430 2521 tanto
1447 2451 1609 2523 libentius
1632 2453 1835 2546 aspiremus,

435 2576 562 2660 quanto
576 2568 708 2640 clariori
725 2570 882 2663 presagio
904 2571 970 2642 boo
987 2571 1031 2643 de
1049 2573 1164 2644 celesti
1181 2572 1373 2664 colligimus
1389 2573 1578 2645 voluntate.
1595 2575 1665 2645 Nec
1680 2575 1772 2646 enim
1789 2575 1836 2647 ob

435 2690 530 2762 aliud
555 2691 729 2763 credimus
750 2691 846 2785 quod
863 2693 1080 2788 providentia
1100 2695 1286 2767 salvatoris
1312 2695 1362 2766 sic
1379 2694 1579 2788 magnifice,
1602 2697 1672 2768 imo
1694 2696 1838 2770 mirifice

306 2913 311 2920 Ι
435 2813 600 2885 direxerit
614 2835 752 2907 gressus
766 2825 899 2887 nostros
915 2815 976 2910 (d),
996 2817 1079 2889 dum
1093 2818 1139 2888 ab
1154 2818 1317 2932 Orientali
1333 2839 1420 2890 zona
1435 2841 1580 2911 regnum
1593 2820 1836 2915 Hierosolymi-

436 2944 567 3025 tannm,
587 2936 732 3009 Conradi
757 2937 948 3009 charissimi
967 2939 1038 3011 nati
1054 2941 1158 3011 nostri
1177 2949 1329 3012 materna
1347 2941 1530 3026 successio,
1550 2963 1592 3012 ac
1613 2941 1752 3014 demum
1774 2965 1836 3014 re-

435 3079 542 3150 gnum
553 3059 680 3149 Sicilie,
697 3061 850 3153 preclara
869 3070 1020 3132 materne
1036 3071 1150 3134 nostre
1165 3063 1391 3134 successionis
1404 3063 1587 3154 hereditas,
1603 3074 1638 3136 et
1653 3075 1836 3160 prepotens

435 3179 614 3252 Germanic
634 3181 844 3276 principatus
865 3183 915 3254 sic
931 3205 1037 3255 manu
1059 3185 1192 3256 celestis
1214 3184 1345 3256 arbitrii
1363 3185 1463 3256 nobis
1480 3186 1677 3274 assistente,
1705 3188 1837 3281 pecatis

435 3303 591 3397 undique
607 3305 762 3398 populis,
781 3305 848 3376 sub
875 3305 1060 3378 devotione
1078 3307 1183 3378 nostri
1207 3308 1356 3378 nominis
1376 3320 1615 3402 perseverant,
1640 3311 1706 3380 niei
1730 3321 1771 3381 ut
1786 3311 1837 3384 sic

435 3424 523 3497 illud
539 3426 635 3498 ltalie
653 3425 826 3518 medium,
847 3428 971 3500 nostris
988 3429 1144 3522 undique
1162 3429 1296 3500 viribus
1309 3429 1558 3502 circumdatum
1578 3431 1640 3527 (a),
1658 3431 1703 3506 ad
1722 3443 1837 3507 nostre

435 3548 627 3620 serenitatis
642 3550 808 3644 obsequia
832 3560 866 3622 et
890 3551 1021 3645 imperii
1039 3550 1159 3624 redeat
1174 3551 1340 3625 unitatem
1361 3579 1370 3623 ε
1391 3554 1486 3646 quod
1506 3554 1591 3625 nihil
1612 3557 1714 3628 nobis
1733 3567 1837 3631 restat

435 3670 491 3742 vel
509 3671 683 3744 modicum
707 3672 942 3766 peragendum
958 3671 1021 3768 (s).
1040 3675 1112 3748 Neo
1131 3675 1168 3746 in
1185 3675 1252 3748 boc
1274 3675 1457 3770 providere
1477 3678 1714 3752 tautummodo
1735 3682 1847 3752 corn-v

477 3869 518 3948 (a)
539 3872 620 3932 llaec
640 3889 658 3932 a
684 3873 776 3934 verbo
789 3872 885 3935 dedita
905 3874 1049 3936 deuotione
1069 3877 1175 3938 desunt
1193 3895 1242 3956 ap.
1256 3879 1341 3940 Pcrtz
1357 3885 1388 3939 et
1408 3883 1440 3940 in
1459 3879 1522 3940 cod
1539 3880 1619 3942 Harl.
1633 3890 1728 3963 ³678,
1741 3901 1838 3962 neque

434 3977 572 4052 prodesse
583 3979 720 4040 videntur
738 3982 796 4040 nlsl
809 3981 888 4058 quod
903 3999 1023 4042 sensnm
1035 3983 1215 4060 perturbent.

477 4082 517 4162 (d)
541 4082 661 4146 Soletiie
674 4087 756 4147 deest
769 4104 818 4164 ap.
829 4087 924 4149 Perta.

477 4187 513 4267 (c)
532 4192 591 4266 Ap.
606 4191 695 4251 Perta
704 4192 889 4269 pemittant,
905 4195 1002 4254 miuus
1016 4201 1105 4255 recte.

475 4290 520 4371 (d)
540 4295 596 4354 lile
607 4296 758 4356 adduntur
770 4301 801 4356 lu
813 4297 893 4357 Patr.
908 4297 946 4357 de
958 4300 1027 4359 Vin.
1040 4299 1189 4375 epistolis:
1203 4319 1221 4356 c
1234 4300 1300 4362 Nisi
1312 4298 1389 4379 qnod
1398 4296 1542 4361 oodtntati
1556 4299 1695 4363 domm
1707 4302 1838 4384 dr'tpottti

436 4397 469 4455 in
481 4398 553 4456 notit
572 4415 605 4458 ea
617 4397 757 4478 perficere
773 4402 898 4482 perimor
912 4419 970 4481 pet·
983 4421 1037 4482 que
1053 4402 1161 4465 Christi
1176 4421 1281 4484 epotata
1302 4403 1453 4467 meato
1465 4406 1602 4482 abnuit,
1615 4405 1769 4470 sedenter
1779 4429 1836 4492 pu·

437 4499 585 4562 mator.
600 4502 654 4563 Sic
666 4505 744 4585 qood
754 4504 840 4582 dnm,
855 4513 909 4569 etc.
926 4509 1038 4569 Locum
1051 4515 1150 4570 nmen
1164 4511 1372 4588 interpolatum
1384 4527 1546 4586 censemus,
1559 4513 1630 4574 dnm
1645 4531 1695 4591 ap.
1709 4515 1794 4577 Perta
1806 4524 1836 4579 et

436 4609 467 4667 lu
480 4607 630 4668 codlclbus
646 4611 859 4674 Parleienstbus
871 4619 900 4673 et
913 4615 1067 4674 Harleiano
1079 4631 1197 4692 quoqne
1210 4616 1296 4678 dealt.

369 4695 371 4702 ¹
479 4711 517 4791 (e)
538 4713 619 4774 Alius
632 4714 841 4796 comitatum,
855 4717 1070 4798 concordatum,
1085 4721 1171 4781 male.

479 4813 520 4894 (t)
543 4817 623 4878 llaec
637 4835 655 4880 a
667 4819 745 4900 quod
754 4820 842 4900 nibil,
858 4831 928 4900 ete,
943 4841 992 4902 ap.
1005 4826 1089 4886 Perta
1104 4826 1223 4887 desunt.

518 4921 569 4982 IV·
590 4937 646 4983 Pera
659 4941 679 4983 Ξ.
