4859 6359
621 727 681 792 846
1118 723 1333 787 Fllllllilllssl
1356 725 1533 788 saccant
1841 725 1924 804 [trs
1940 725 2027 790 1233.

620 883 685 937 nos
705 861 809 956 juxta
827 858 912 934 dicti
934 857 1129 954 transcripti
1158 867 1310 935 tenorem
1336 861 1388 936 sis
1405 861 1520 957 ipsum
1546 858 1769 956 privilegium
1791 861 1960 934 innovare
1985 860 2030 935 de

620 994 737 1060 nostra
752 981 862 1080 pratia
879 982 1120 1076 dignaremur3
1139 983 1241 1076 cujus
1255 993 1354 1058 tenor
1367 993 1422 1058 est
1437 1005 1500 1081 per
1516 983 1635 1058 omnia
1650 983 1753 1056 talis:

670 1104 847 1206 [Sequitur
872 1105 918 1181 de
935 1106 1043 1178 verbo
1067 1105 1114 1178 ad
1140 1107 1289 1180 verbum
1316 1108 1538 1204 privilegium
1561 1127 1626 1203 pro
1648 1105 1951 1180 Tremonieusilvus
1970 1105 2030 1178 in-

621 1231 771 1324 dultum,
792 1229 866 1304 dat.
886 1251 945 1325 ap.
965 1228 1213 1320 Fraukenvort‚
1231 1229 1626 1321 sanctasanctorum
1637 1229 1732 1320 maii,
1750 1228 1872 1304 indict.
1891 1237 2026 1319 octava,

621 1354 717 1452 quod
735 1377 854 1450 supra,
873 1362 898 1426 t.
919 1354 947 1445 1,
964 1376 1001 1449 p.
1020 1347 1119 1448 777]

667 1480 738 1552 Nos
755 1479 861 1574 igitur
873 1486 1038 1572 tauquam
1054 1476 1100 1550 ds
1113 1477 1258 1552 veritate
1266 1499 1409 1574 precum
1420 1478 1555 1570 incerti,
1573 1497 1653 1552 curn
1667 1476 1744 1550 etsi
1756 1475 1942 1550 dicficives
1953 1475 2029 1572 pri-

620 1603 787 1699 vilegium
807 1600 900 1676 idem
923 1603 1027 1695 juxta
1048 1602 1192 1674 iormam
1209 1602 1360 1675 oblatam
1384 1601 1579 1698 transcripti
1602 1622 1626 1674 a
1650 1608 1766 1674 nostra
1791 1599 1939 1672 luissent
1964 1620 2028 1672 ex·

621 1727 780 1802 callentis
810 1725 986 1800 consecuti
1016 1734 1052 1798 et
1083 1723 1181 1820 quod
1206 1725 1425 1798 combustum
1457 1724 1561 1798 inerit
1586 1731 1704 1797 nosue
1731 1721 1929 1797 celsitudini
1958 1741 2028 1795 non

620 1858 810 1940 constaret,
845 1849 971 1923 dilecto
1004 1848 1153 1944 principi
1183 1858 1300 1923 nostro
1325 1847 1517 1922 vonerabili
1545 1846 1739 1921 Trevireusi
1772 1845 2030 1942 archiepiscopo

622 1973 858 2048 commisimus
874 1970 1113 2046 certitudinem
1124 1972 1368 2067 premissorum
1383 1971 1585 2066 diligentius
1600 1969 1856 2065 inquirendam
1874 1971 1933 2042 cui
1945 1969 2030 2043 dum

622 2107 658 2174 ot
674 2098 720 2171 de
737 2097 919 2194 privilegio
945 2097 1127 2192 impetrato
1150 2105 1186 2170 et
1209 2096 1447 2170 combustione
1472 2095 1582 2191 ipsius
1602 2115 1646 2168 ac
1671 2094 1817 2168 veritate
1837 2095 2030 2190 transcripti

621 2221 888 2320 perjuramenta
901 2219 1159 2316 quamplurium
1171 2229 1367 2294 nostrorum
1379 2218 1536 2294 fidelium
1545 2218 1613 2292 loci
1626 2217 1750 2315 prelati
1763 2216 1834 2293 lide
1845 2219 2030 2309 dignorum

622 2345 725 2442 plene
742 2343 906 2436 constitit,
924 2343 1096 2438 nobisque
1112 2363 1175 2439 per
1188 2363 1232 2417 ee
1244 2341 1503 2416 ateudeutibus
1510 2341 1615 2416 iidem
1627 2363 1751 2438 puram
1761 2351 1798 2415 et
1811 2341 2030 2416 devotionem

621 2467 792 2542 sinceram
816 2487 921 2562 quam
954 2465 1060 2539 iidem
1091 2464 1210 2540 fideles
1238 2466 1347 2539 nostri
1370 2466 1466 2540 cives
1490 2465 1750 2539 Tremouicnses
1774 2464 1822 2540 ad
1849 2486 2030 2560 personam

624 2602 775 2665 nostram
787 2598 822 2664 et
831 2589 965 2686 imperii
980 2590 1145 2663 honorem
1157 2587 1434 2664 firmiterhabere
1447 2598 1649 2680 noscuntur;
1661 2587 2029 2664 considerautcsetiam

622 2723 719 2810 grata
735 2713 818 2788 satis
839 2721 874 2787 et
889 2723 1030 2810 accepta
1045 2715 1186 2788 servitia
1205 2733 1277 2808 que
1298 2712 1435 2787 dudum
1454 2713 1556 2786 nobis
1578 2721 1613 2787 et
1629 2713 1774 2809 imperio
1796 2711 2032 2787 exhibuerunt

622 2837 769 2912 fideliter
786 2846 822 2910 et
841 2835 965 2910 devote
983 2846 1019 2910 et
1036 2833 1205 2911 exhibent
1219 2837 1428 2910 incessanter
1445 2857 1488 2911 ac
1504 2835 1541 2908 iu
1559 2844 1662 2910 antea
1679 2836 1725 2910 de
1742 2836 1834 2910 bono
1848 2837 1888 2908 iu
1907 2835 2030 2910 melius

622 2969 785 3058 poterunt
807 2959 992 3052 exhibere3
1023 2961 1265 3056 transcriptum
1293 2961 1406 3056 ipsum
1421 2961 1570 3056 presenti
1590 2959 1774 3056 privilegio
1788 2959 1834 3033 de
1851 2959 1961 3034 verbo
1983 2959 2031 3033 ud

629 3085 775 3160 verbum
790 3085 959 3178 iussimus
983 3083 1101 3176 inseri,
1124 3105 1187 3180 per
1203 3083 1272 3158 hoc
1283 3083 1475 3178 predictum
1490 3083 1711 3180 privilegium
1731 3081 1828 3180 quod
1846 3084 2032 3158 amiserant

624 3209 670 3284 ds
696 3209 807 3304 gratia
835 3216 951 3280 nostre
976 3205 1191 3281 celsitudinis
1219 3208 1435 3282 innovantes.
1460 3208 1651 3282 statuimus
1675 3209 1782 3302 igitur
1806 3217 1842 3281 et
1865 3209 2030 3305 imperiali

625 3331 813 3408 sanctimus
835 3329 948 3404 edicto
969 3332 1117 3403 utnulla
1138 3331 1279 3405 omnino
1297 3352 1444 3426 persona
1462 3331 1531 3405 alta
1552 3331 1611 3404 vel
1631 3331 1785 3421 humilis,
1803 3333 2030 3408 ecclesiastica

625 3455 683 3529 vel
709 3455 891 3542 secularis,
907 3447 1368 3550 predictosfidelesuostros
1390 3465 1510 3528 canna
1531 3456 1699 3551 presentis
1726 3457 1899 3552 privilegii
1923 3458 2029 3531 nostri

622 3589 775 3652 tenorem
797 3599 903 3673 super
925 3577 1099 3672 aliquibus
1114 3599 1203 3650 ausu
1225 3578 1406 3651 temerario
1420 3580 1600 3653 molestare
1615 3575 1831 3676 [presumatl.
1851 3579 1953 3667 Quod
1968 3582 2030 3675 qui

625 3702 889 3800 presumpserit,
915 3709 1029 3796 preter
1046 3721 1170 3796 penam
1186 3700 1385 3798 supradicto
1407 3701 1592 3798 privilegio
1605 3702 1812 3798 appositam,
1826 3712 1966 3777 centurn
1982 3703 2031 3776 li-

624 3827 705 3899 bras
720 3825 797 3898 auri
813 3825 891 3920 puri
907 3833 1101 3920 componat,
1118 3825 1337 3900 medietatem
1349 3824 1434 3899 fisco
1447 3836 1578 3920 nostro,
1595 3827 1727 3920 reliqua
1740 3826 1851 3922 passis
1866 3827 2030 3920 iujuriam

625 3948 867 4046 persolvenda.
890 3947 933 4020 Ut
953 3955 1069 4020 autem
1093 3947 1159 4020 hec
1178 3948 1356 4023 innovatio
1367 3948 1475 4022 robur
1493 3947 1648 4022 obtineat
1661 3959 1826 4047 perpetue
1841 3948 2028 4043 firmitatis,

624 4093 766 4169 pressus
780 4071 998 4167 privilegium
1018 4069 1092 4143 lieri
1111 4080 1147 4144 et
1160 4071 1257 4145 bulla
1271 4093 1377 4145 aurea
1392 4072 1517 4168 tipario
1530 4081 1646 4146 nostra
1659 4073 1848 4167 majestatis
1863 4073 2031 4170 impressa

619 4197 786 4292 jussimus
802 4195 972 4290 insigniri.

672 4321 783 4414 liujus
803 4319 852 4392 rai
874 4327 979 4392 testes
995 4328 1106 4392 sunt:
1130 4318 1299 4392 Henricus
1322 4318 1532 4394 coloniensis
1554 4321 1850 4419 archiepiscopus,
1871 4321 2030 4397 Theodo-

625 4444 718 4518 ricus
744 4443 956 4518 Trevireusis
980 4441 1269 4540 archiepiscopus,
1293 4442 1403 4517 abbas
1424 4445 1633 4534 Prumeusia,
1654 4446 1763 4521 abbas
1779 4445 2027 4539 Werdincnsis,

625 4567 793 4642 ilenrious
825 4567 901 4641 dux
927 4567 1128 4656 Brabautie,
1156 4567 1325 4641 ilenricus
1354 4567 1556 4663 langravius
1585 4569 1790 4665 Thuringie,
1814 4569 1920 4644 irater
1941 4571 2031 4642 lier-

624 4713 773 4766 mannus
791 4689 841 4788 (c)
858 4691 1063 4766 venerabilis
1085 4690 1248 4784 magister
1273 4691 1450 4788 hospitalis
1473 4693 1597 4773 Sancte
1614 4695 1722 4769 llarie
1743 4693 2029 4768 Theutouicorum

665 4840 707 4920 (a)
729 4842 917 4921 rumpes
930 4841 1082 4921 amau,
1095 4842 1182 4906 mue.
