4859 6359
465 743 559 804 hulst.
574 739 621 824 8.]
915 744 1111 809 tltetottt
1136 740 1429 806 ntrlottltttct.
1810 743 1870 804 ttt

464 874 679 970 Ubicumque
693 877 906 974 proscriptus
917 878 1132 954 interdicitur
1148 877 1206 950 vei
1223 873 1415 966 invaditur,
1436 876 1612 950 anemius
1634 875 1861 969 defendatur,

464 997 712 1093 etsiquisenm
723 1000 873 1074 scienter
884 1001 1120 1078 deiendffitet
1134 999 1255 1074 dehoc
1261 1000 1412 1092 legitime
1422 1001 1601 1074 convictus
1611 1000 1728 1090 inerit,
1743 999 1865 1075 eudem

463 1117 563 1212 cnlpa
580 1126 737 1192 teneatur
751 1127 789 1194 et
804 1127 971 1216 mam
986 1121 1198 1218 proscriptus
1208 1119 1395 1212 judicetur.

509 1239 611 1315 Nulla
628 1242 750 1316 civitas
764 1245 821 1318 vel
836 1244 982 1341 opidum
994 1245 1221 1342 proscriptum
1246 1253 1360 1318 teneat
1382 1245 1542 1318 scienter.
1556 1245 1678 1318 Nullus
1694 1265 1775 1318 eum
1796 1243 1866 1318 de-

465 1361 582 1436 ieudat
597 1365 628 1436 si
642 1365 676 1438 ei
689 1367 818 1440 ιιιιιΙιιιιι
834 1367 977 1462 aliquod
990 1369 1173 1459 misertum
1192 1366 1299 1440 nichil
1316 1367 1349 1440 ei
1364 1366 1466 1440 detur
1484 1368 1610 1462 gratim
1636 1389 1737 1441 nemo
1748 1388 1866 1441 smum

464 1487 500 1558 iu
512 1488 687 1582 emptione
704 1492 762 1562 rel
779 1490 981 1566 venditione
994 1492 1190 1588 participet,
1209 1491 1273 1564 sed
1291 1491 1327 1564 iu
1338 1491 1500 1564 omnihus
1513 1492 1671 1564 evitetur.
1692 1492 1728 1564 Si
1746 1491 1867 1564 civitas

465 1633 543 1686 eum
556 1613 940 1688 communiterscienter
954 1617 1119 1704 tenuerit,
1134 1616 1166 1687 si
1183 1623 1395 1700 estmorae,
1414 1637 1552 1688 murum
1563 1613 1761 1708 ejnsjudex
1778 1624 1866 1688 terre

465 1736 640 1825 destruat3
664 1736 791 1832 hospes
812 1739 889 1831 ejus
911 1748 951 1812 ut
972 1740 1185 1837 proscriptus
1208 1739 1386 1836 puniatur.
1415 1741 1452 1810 Sl
1475 1741 1597 1813 civitas
1621 1760 1721 1812 muro
1752 1746 1865 1823 caret,

463 1861 573 1953 judex
587 1882 667 1934 eam
674 1861 865 1935 succendat
877 1871 943 1936 nec
953 1863 1015 1935 ulli
1032 1865 1133 1936 liceat
1147 1883 1226 1936 eam
1239 1862 1438 1938 defendere.
1457 1863 1494 1934 Si
1511 1863 1632 1936 civitas
1645 1883 1867 1959 seopposue-

467 1984 527 2076 rit,
550 1993 620 2058 mm
636 1985 756 2058 civitas
768 2008 874 2080 qnam
891 1985 1050 2060 homines
1065 1987 1127 2082 qui
1138 2008 1180 2059 se
1193 1997 1368 2081 opponent
1381 1985 1506 2058 cadant
1524 1985 1569 2058 ah
1585 1986 1679 2058 omni
1691 1985 1770 2076 jure
1787 2006 1863 2059 suo.

466 2110 500 2182 Si
511 2109 625 2204 judex
637 2110 674 2181 in
689 2109 956 2203 cnjusdistrictu
968 2119 1037 2200 est,
1056 2109 1124 2183 hoc
1139 2111 1251 2184 iacere
1264 2119 1427 2204 nequeat,
1444 2107 1693 2203 significabitur
1703 2109 1815 2198 nohis,
1832 2118 1868 2182 et

467 2254 528 2308 nos
544 2233 633 2308 illud
649 2233 779 2328 exequi
796 2234 972 2308 tremus.

514 2354 574 2430 tt.
601 2357 651 2429 lte
665 2359 863 2452 emptorthur
876 2359 928 2430 rri
937 2357 1075 2453 predae
1092 2359 1146 2432 oei
1158 2361 1294 2452 sunive.
1318 2357 1533 2430 lntercidltur
1556 2355 1703 2430 nocendi
1727 2357 1869 2430 materia

468 2481 497 2554 si
516 2482 659 2554 fautoris
678 2483 815 2557 occasio
837 2483 1073 2556 subtrahatur.
1099 2484 1200 2558 Unde
1222 2484 1326 2557 etiam
1347 2481 1540 2554 secundum
1558 2483 1638 2574 jora
1660 2482 1776 2554 civilia
1795 2482 1871 2578 pari

469 2626 555 2698 pena
579 2605 823 2702 prosequimur
844 2615 880 2678 et
895 2607 990 2680 turm
1012 2615 1047 2680 et
1071 2628 1133 2680 eos
1156 2608 1219 2702 qni
1238 2628 1300 2703 per
1324 2605 1616 2700 participationem
1640 2604 1788 2700 depositi
1813 2605 1871 2678 vel

468 2728 569 2824 empti
601 2730 717 2804 sinum
742 2730 939 2803 iurantibus
964 2729 1187 2826 prebuerunt.
1222 2731 1411 2802 Statuimns
1445 2730 1562 2822 itaque
1594 2738 1634 2800 nt
1660 2729 1871 2822 quicumque

469 2852 612 2925 scienter
628 2854 833 2928 emeritrem
847 2854 1026 2951 predatam
1039 2856 1096 2928 vel
1112 2857 1274 2928 furtivam
1286 2855 1343 2928 vel
1359 2855 1482 2950 hospes
1500 2853 1619 2944 luerit,
1641 2851 1744 2925 idest
1759 2852 1870 2924 scien-

469 2984 516 3048 ter
531 2985 686 3072 receptor
702 2998 771 3050 non
789 2979 1057 3076 proscriptorum
1073 2979 1268 3076 predonum
1286 2987 1347 3051 ant
1359 2980 1491 3067 lurum,
1519 2977 1549 3049 si
1565 2976 1611 3050 de
1637 2975 1704 3048 hoc
1721 2975 1872 3068 legitime

469 3101 568 3172 enat
582 3103 760 3174 convictas
771 3102 886 3193 luerit,
900 3103 1223 3196 dominocnjnsres
1235 3111 1309 3176 erat
1320 3103 1431 3175 solvat
1441 3103 1477 3172 in
1492 3101 1653 3197 duplum.
1670 3099 1706 3171 Si
1717 3096 1871 3172 secundo

469 3225 643 3296 convictus
656 3225 760 3298 tuerit
776 3225 844 3299 hoc
861 3227 1001 3316 iecisse,
1025 3227 1127 3301 sires
1140 3227 1283 3323 predata
1301 3227 1403 3300 luerit
1419 3236 1584 3321 tanquam
1600 3223 1727 3321 predo,
1751 3223 1781 3296 si
1796 3224 1870 3295 inr-

467 3345 534 3420 tiva
549 3356 714 3442 tanquam
731 3349 789 3420 fur
805 3349 980 3443 puniatur.

511 3472 573 3542 ts.
602 3473 650 3542 lle
659 3473 850 3563 justiciurio
862 3473 964 3544 mne.
979 3472 1133 3546 Trahunt
1148 3473 1196 3546 ad
1216 3493 1256 3545 se
1276 3459 1538 3546 sollicitudinem
1562 3471 1698 3567 imperii
1715 3472 1869 3566 regimen

460 3603 497 3666 et
508 3593 728 3667 diversarum
753 3596 890 3689 negotia
910 3606 1079 3670 terrarum
1096 3606 1132 3670 et
1153 3597 1353 3691 regionum
1372 3617 1535 3690 quacum
1552 3617 1688 3691 semper
1705 3595 1871 3692 expediat

451 3734 524 3804 per
534 3726 688 3790 nostram
701 3718 914 3812 diligentiam
932 3719 1112 3816 expediri,
1141 3720 1394 3814 querelantium
1414 3741 1536 3792 causas
1552 3718 1681 3813 quihus
1698 3739 1869 3814 persona-

444 3834 539 3916 liter
549 3842 724 3938 presidere
739 3865 809 3918 non
820 3865 1018 3940 munaus,
1037 3865 1099 3939 par
1114 3844 1228 3917 vhum
1244 3845 1390 3940 probate
1400 3842 1499 3934 fidei,
1519 3841 1691 3940 opinionis
1700 3843 1841 3918 honere
1854 3897 1867 3936 ,

435 3969 675 4062 prepositum
685 3967 846 4060 judiciis,
867 3969 942 4041 luco
956 3966 1234 4042 nostrivolumus
1248 3969 1442 4060 terminari,
1462 3968 1498 4039 in
1514 3989 1585 4062 quo
1597 3976 1709 4064 preter
1723 3967 1868 4063 hecque

433 4100 577 4165 nostre
591 4113 737 4166 censure
751 4089 945 4188 specialiter
960 4093 1235 4189 messuimus,
1254 4091 1452 4166 inviolabile
1469 4091 1639 4184 judicium
1656 4090 1864 4164 attendetur.

425 4209 651 4290 Statuimus
667 4217 775 4311 igitur
794 4225 836 4289 nt
860 4217 958 4291 curia
975 4227 1091 4290 nostra
1109 4215 1333 4310 justitiarium
1351 4216 1476 4290 haheat
1489 4217 1604 4291 virum
1622 4215 1728 4289 libere
1741 4211 1870 4288 condi·

423 4340 583 4432 tionis,
600 4342 713 4434 quiin
731 4341 853 4414 eodem
868 4341 1030 4437 persistat
1042 4341 1155 4415 officio
1162 4340 1209 4414 ad
1216 4342 1334 4414 minus
1344 4361 1407 4436 per
1421 4362 1563 4428 annum,
1579 4340 1712 4412 sibene
1728 4347 1764 4412 et
1773 4340 1868 4431 iuste

425 4480 497 4542 80
511 4465 669 4558 gesserit.
694 4465 758 4538 llic
773 4466 917 4561 singulis
938 4465 1062 4539 diebus
1076 4465 1209 4558 jndicio
1222 4463 1413 4560 presideat,
1438 4463 1595 4559 exceptis
1608 4462 1733 4537 diehns
1753 4462 1865 4537 domi·

423 4589 549 4662 tricis
564 4596 600 4660 et
611 4587 689 4660 aliis
706 4588 801 4661 iestis
813 4589 1016 4682 majoribus,
1032 4591 1093 4682 jus
1106 4589 1257 4662 reddens
1270 4589 1431 4662 omnibns
1443 4587 1716 4682 querelantibus,
1737 4597 1864 4684 preter-

427 4711 629 4806 quamde
648 4711 858 4806 principibus
876 4721 912 4784 et
934 4713 1010 4784 aliis
1036 4713 1190 4808 personis
1212 4713 1419 4785 sublimibus
1444 4713 1479 4784 in
1503 4711 1615 4784 causis
1635 4733 1705 4806 que
1720 4721 1866 4806 tangunt

436 4850 638 4926 personas,
655 4836 727 4927 jus,
747 4834 926 4926 honorem,
947 4835 1060 4926 lenda,
1078 4836 1319 4932 proprietatem
1336 4837 1391 4909 vel
1411 4836 1632 4912 hereditatem
1649 4836 1862 4925 eorumdem,
