4859 6359
440 758 537 818 hotcr.
554 753 600 834 8.]
892 749 1089 813 HISTORIA
1114 747 1407 812 olstottssscs
1791 747 1850 809 ’119

441 898 570 982 noser,
587 887 759 963 nudotm
781 887 832 985 (c)
843 887 1056 982 burgravius
1072 886 1118 961 de
1132 871 1338 977 Wrideberss
1355 881 1579 984 (Friedberg)‚
1604 895 1640 958 et
1654 883 1711 958 alii
1727 905 1849 979 quam·

442 1013 617 1210 Pluliistnm
637 1131 735 1231 apud
756 1133 910 1231 Spirem,
929 1154 1022 1208 anno
1039 1132 1148 1226 gratie
1168 1131 1217 1207 M.
1230 1089 1293 1206 CC}
1302 1131 1441 1221 XXXV,
1462 1133 1507 1206 VI
1530 1079 1694 1206 kalendas
1717 1131 1849 1222 martii,

443 1260 633 1336 indictione
647 1259 740 1334 Vlll.
831 1283 837 1292 ·
1132 1284 1136 1297 ·
1305 1313 1308 1325 .
1528 1269 1531 1278 ’

499 1839 705 1949 Heni-iens,
723 1841 986 1927 aomanorum
1006 1867 1093 1952 rex,
1111 1843 1223 1930 Petro
1238 1843 1399 1928 sculteto
1416 1843 1465 1926 de
1481 1841 1604 1926 Berne
1620 1869 1693 1954 pro
1709 1844 1854 1929 devotis
1896 1945 1899 1953 ¹
1918 1913 2006 1968 sm

448 1972 530 2084 ejus
548 1975 710 2061 servitiis
735 1985 774 2062 et
790 1977 843 2062 ad
856 1975 1076 2086 pectionem
1098 1977 1182 2088 ejus
1196 1976 1395 2062 siverinm
1414 2001 1528 2060 suum
1554 1986 1642 2060 ente
1667 1976 1855 2061 civitatem
1924 1945 2029 2010 ’ΝΛ

450 2107 564 2201 sitim
578 2108 666 2220 jnre
682 2109 822 2194 feodali
839 2109 1024 2195 concedit.
1165 2185 1169 2190 .
1824 2107 1827 2116 ’

530 2351 628 2434 (mr.
642 2369 690 2431 ap.
707 2349 818 2416 sonte
840 2308 1290 2432 wmecec‚m.1e'e,p.
1311 2351 1393 2432 m.)

498 2565 565 2656 Η.,
584 2565 649 2640 Dei
666 2566 778 2661 gratia
793 2566 1025 2641 Romanorum
1042 2588 1106 2640 rex
1123 2576 1158 2640 et
1172 2587 1308 2662 semper
1325 2576 1511 2662 angustus,
1533 2567 1704 2640 universis
1722 2569 1857 2663 imperii

453 2685 612 2763 fidelibus
634 2699 828 2786 presentem
853 2691 1002 2764 litteram
1022 2691 1150 2764 visuris
1167 2691 1313 2786 matiam
1331 2711 1431 2763 snam
1454 2698 1490 2764 et
1509 2711 1611 2766 omne
1629 2692 1770 2764 bonnm.
1791 2693 1860 2766 Te-

453 2833 536 2887 nere
560 2815 771 2909 presentium
799 2822 921 2887 notum
947 2835 1024 2888 esse
1043 2816 1206 2888 velumus
1236 2815 1407 2888 universis
1430 2814 1527 2910 qued
1548 2836 1611 2888 nes
1640 2815 1860 2910 respicientes

455 2937 581 3011 dcvcta
598 2939 738 3013 servitia
755 2937 869 3013 tidelis
886 2939 994 3012 nestri
1015 2939 1107 3013 Petri
1123 2937 1172 3038 (b)
1195 2939 1330 3012 sculteti
1348 2939 1394 3013 de
1422 2942 1552 3026 Bern0‚
1575 2962 1645 3036 qne
1673 2942 1775 3016 nobis
1800 2943 1861 3016 de·

454 3071 534 3136 vote
563 3063 732 3137 hactenns
753 3063 916 3137 exhibuit
937 3072 973 3136 et
997 3086 1067 3158 qne
1095 3063 1196 3137 nobis
1218 3071 1330 3161 potest
1356 3069 1516 3138 inantea
1539 3063 1722 3156 exhibere,
1748 3066 1861 3140 eidem

454 3186 639 3283 previdere
653 3199 688 3261 et
707 3189 810 3282 juxte
827 3210 926 3260 suam
952 3189 1150 3284 petitionem
1166 3189 1361 3261 satisfecere
1375 3187 1566 3286 cupientes,
1594 3189 1765 3263 vivarium
1789 3191 1863 3265 sive

453 3311 567 3384 tecum
586 3319 742 3384 nestrum
759 3313 863 3384 situm
880 3320 959 3385 ante
975 3312 1149 3386 civitatem
1167 3311 1293 3384 feodali
1307 3313 1387 3405 jure
1405 3313 1566 3410 cupimus
1586 3311 1860 3388 concedendum.

454 3435 500 3507 Ut
523 3443 640 3507 antem
669 3432 773 3530 hujirs
798 3436 1030 3509 concessionis
1054 3437 1219 3510 memoria
1245 3435 1281 3508 in
1303 3437 1512 3510 oblivionem
1535 3439 1655 3512 venire
1681 3461 1701 3512 a
1727 3439 1864 3512 nemine

454 3561 582 3648 valeat,
602 3571 794 3656 presentem
810 3563 842 3635 ei
862 3562 987 3635 demns
999 3561 1146 3634 litteram
1164 3562 1360 3655 sigillatam.

504 3685 629 3758 Datum
646 3685 740 3781 epud
758 3687 907 3782 Spiram,
925 3685 1080 3760 calendis
1104 3685 1231 3779 martii,
1248 3685 1436 3760 indictione
1451 3696 1586 3760 octava.

514 4293 721 4400 Henricus,
749 4293 1011 4379 Romanorum
1037 4319 1124 4402 rex,
1144 4295 1336 4380 abbatiam
1355 4307 1392 4381 et
1414 4298 1601 4382 civitatem
1627 4299 1676 4381 de
1703 4299 1868 4383 Selzein
1954 4321 2057 4429 en&

466 4451 534 4509 sna
552 4426 706 4536 speciali
723 4427 953 4536 protectione
976 4427 1109 4537 recipit
1134 4438 1267 4512 cenna
1293 4431 1552 4514 marchionem
1574 4432 1622 4515 de
1647 4431 1777 4516 Beden
1804 4435 1870 4545 qni
1929 4429 2048 4473 Μ·

455 4556 525 4668 jus
541 4560 758 4644 advocatiae
772 4560 915 4645 ibidem
936 4560 1008 4645 sihi
1024 4560 1262 4646 vendicabat.

506 4771 551 4853 (ri)
567 4741 651 4836 Aine
663 4790 734 4836 vcro
746 4771 898 4854 ludolfus,
914 4779 945 4836 et
956 4703 1074 4841 rectius.

509 4875 550 4956 (e)
569 4876 1021 4964 &ceremonensem
