4859 6359
421 815 521 876 macr.
537 811 585 890 9.]
875 802 1073 866 HISTORIA
1097 798 1388 862 bretonnrtcs
1770 802 1830 866 837

422 946 650 1022 communitas
663 943 714 1017 eis
724 951 760 1016 et
775 963 895 1016 eornm
912 939 1101 1014 heredibus
1113 947 1148 1012 et
1164 937 1240 1034 (sic)
1251 937 1289 1010 in
1305 943 1510 1032 perpetuum
1520 934 1829 1012 confirmamus'Et

422 1071 544 1167 siquis
558 1069 626 1141 hoc
642 1075 796 1139 nostrum
811 1063 1032 1160 privilegium
1046 1062 1176 1134 violare
1196 1069 1233 1134 et
1248 1057 1368 1133 fideles
1387 1059 1583 1132 nostros-de
1598 1060 1827 1155 Supramonte

422 1203 626 1290 attemptare
635 1189 894 1286 presumpserit,
904 1187 1120 1284 imperatorie
1131 1184 1358 1278 majestatiset
1370 1183 1477 1256 nostri
1488 1183 1830 1258 culminissenoscat

422 1316 695 1412 indignationem
717 1313 886 1385 incurisse
906 1320 941 1384 et
961 1311 1101 1406 triginta
1121 1309 1224 1380 libras
1244 1307 1321 1380 auri
1346 1308 1557 1398 soluturum,
1587 1329 1736 1402 quarum
1755 1329 1828 1384 me·

423 1444 536 1519 dietas
551 1460 691 1514 camere
706 1447 837 1529 nostre,
857 1436 1024 1510 medietas
1038 1435 1246 1508 offensorum
1261 1431 1360 1506 cedat
1376 1433 1588 1526 profuturam
1602 1428 1685 1528 (ab).

469 1563 637 1657 Hujusrei
652 1573 755 1636 testes
766 1572 847 1634 sont
863 1587 872 1632 ε
889 1561 930 1632 ll.
945 1556 1372 1632 venerabilisPataviensis
1383 1556 1579 1651 episcopus,
1592 1557 1635 1629 N.
1645 1559 1826 1631 Secowen·

422 1689 679 1784 sisepiscopns,
709 1739 719 1760 .
751 1737 760 1756 .
791 1737 801 1755 .
827 1681 1297 1776 Consmtiensisepiscopns,
1331 1731 1341 1752 .
1371 1733 1381 1750 .
1411 1680 1819 1776 .Spireneisepiscopne,

425 1867 434 1885 .
465 1867 474 1884 .
504 1865 514 1882 .
531 1809 685 1882 marchio
703 1807 748 1880 de
764 1806 901 1892 Badeo,
929 1805 967 1878 C.
985 1814 1020 1878 et
1037 1801 1079 1877 G.
1095 1803 1238 1876 comites
1252 1802 1298 1874 de
1316 1801 1511 1893 Hohenloh,
1542 1857 1551 1877 .
1582 1857 1592 1876 .
1621 1857 1630 1875 .
1652 1803 1823 1899 burcgra-

423 1937 503 2009 vios
519 1935 564 2007 de
578 1930 811 2021 Norinberch,
831 1931 874 2002 H.
890 1949 1006 2003 comes
1020 1927 1065 2000 dc
1080 1927 1226 2016 werde,
1243 1937 1279 1998 et
1294 1926 1353 1998 alii
1365 1927 1601 2022 quamplures.

468 2062 593 2134 Datum
608 2055 704 2152 apud
721 2058 889 2150 Spiream‚
908 2074 1000 2126 anno
1017 2051 1189 2126 dominice
1200 2051 1444 2124 incarnationis
1457 2051 1639 2124 millesimo
1657 2050 1823 2125 ducente·

419 2187 510 2259 simo
523 2181 695 2256 tricesimo
709 2189 828 2270 sexto,
849 2197 968 2250 mense
985 2176 1119 2272 aprilis,
1140 2197 1231 2248 none
1245 2174 1457 2248 indictionis.

469 2806 696 2910 Fridericus,
712 2805 973 2888 Romanorum
990 2803 1209 2912 imperator,
1229 2828 1319 2886 cum
1332 2802 1553 2888 Airammus
1565 2808 1614 2888 de
1626 2807 1741 2892 Halse
1752 2835 1823 2918 pro

417 2941 569 3022 damnis
594 2937 869 3046 multiplicibus
896 2935 1073 3019 ecclesiae
1095 2935 1255 3019 Sanctae
1276 2936 1416 3020 Mariae
1433 2939 1637 3046 superioris
1658 2966 1822 3026 monas·
1898 2957 1913 2988 ⁸
1965 2975 1973 2992 ·

416 3073 499 3155 terii
517 3072 557 3153 in
576 3071 782 3179 llelispona
801 3069 935 3174 illatis,
965 3068 1224 3178 satisfecisset,
1253 3078 1291 3152 et
1312 3093 1381 3178 per
1405 3071 1584 3154 nuntium
1609 3072 1824 3158 abbatissae

416 3205 543 3289 curiae
569 3204 756 3314 imperiali
781 3203 966 3286 rationem
989 3202 1255 3285 satisfactionis
1278 3213 1573 3315 praesentasset,
1601 3207 1729 3315 ipsum
1753 3209 1824 3291 in·

415 3347 671 3421 strumentum
691 3335 897 3442 Alremmi,
920 3334 1285 3444 tenacitatem,
1305 3337 1354 3418 de
1370 3335 1487 3420 verbo
1503 3337 1729 3423 adverbum
1751 3343 1817 3424 in-

415 3468 506 3553 serit
522 3478 561 3551 et
579 3468 791 3552 confirmat.

497 3707 595 3788 (Edit.
613 3725 659 3786 ap.
677 3708 808 3769 Monam.
824 3707 916 3781 Boia,
933 3713 957 3769 t.
976 3705 1073 3783 XXX,
1094 3723 1127 3784 p.
1141 3715 1293 3784 att-2⁴5,
1308 3723 1394 3770 num.
1407 3707 1622 3786 DCCXXXIX,
1636 3727 1674 3773 ex
1686 3714 1821 3792 orlglmll

533 3815 612 3876 unde
624 3814 753 3893 stgltlum
766 3816 896 3876 marimo
907 3813 1019 3875 laesum
1031 3812 1180 3892 appendet
1191 3829 1231 3876 ex
1240 3811 1299 3876 lllls
1309 3816 1411 3876 scrlcls
1422 3814 1495 3876 navt
1505 3821 1536 3876 et
1548 3816 1630 3878 rnbrl
1643 3818 1770 3898 coloris)

462 4027 677 4119 Fridcricns,
701 4028 763 4102 Dei
788 4027 900 4124 gratia
925 4027 1156 4102 Romanorum
1183 4025 1368 4123 imperator
1396 4049 1532 4126 semper
1556 4041 1739 4126 angustos,
1756 4037 1820 4109 Je-

413 4152 562 4225 rusalem
586 4163 620 4225 et
643 4153 757 4226 Sicilie
784 4175 860 4226 rex.
884 4152 949 4226 Per
970 4171 1112 4248 presens
1132 4151 1299 4249 scriptum
1330 4161 1452 4261 notum
1472 4153 1618 4229 facimus
1646 4158 1818 4232 universis

414 4274 549 4372 imperii
567 4275 728 4350 fidelibus
744 4286 812 4352 tam
829 4275 1047 4373 presentibus
1061 4298 1168 4371 quam
1193 4276 1318 4349 futuris
1339 4275 1436 4371 quod
1457 4299 1537 4351 oum
1560 4278 1757 4353 Alrammus
1774 4281 1820 4356 de

414 4399 538 4474 Halscn
548 4401 766 4475 satisfecisset
780 4400 1053 4474 ecclesicSancte
1062 4399 1566 4496 Mariesuperiorismonasterii
1578 4402 1816 4501 inllatispcna‚

413 4543 476 4618 pro
495 4523 656 4619 dampnis
670 4524 782 4597 eidem
798 4523 1004 4597 monasterio
1019 4523 1138 4617 illatis,
1156 4533 1272 4598 nostre
1283 4524 1479 4599 celsitudini
1491 4525 1661 4600 humiliter
1680 4530 1817 4626 snppli-

414 4648 506 4720 cavit
520 4649 685 4743 quatinus
701 4649 867 4744 scriptum
886 4647 982 4742 quod
1001 4668 1105 4744 snper
1117 4647 1241 4722 eadem
1262 4648 1511 4740 satisfactione,
1541 4651 1631 4722 sicut
1648 4674 1708 4746 per
1726 4673 1819 4726 nnn-

416 4769 502 4842 tinm
518 4772 725 4844 venerabilis
743 4771 918 4844 abbatisse
941 4771 1138 4844 monasterii
1162 4772 1337 4845 memorati
1352 4773 1446 4847 curie
1465 4784 1580 4848 nostre
1603 4775 1714 4848 fuerat
1739 4797 1817 4871 pre·

413 4903 605 4986 sentetnm,
627 4895 721 4971 dioto
746 4895 956 4970 monasterio
978 4895 1120 4990 fecerat,
1139 4904 1175 4970 ct
1196 4917 1239 4970 ea
1262 4919 1333 4993 que
1361 4897 1579 4972 continentur
1604 4900 1641 4972 in
1665 4921 1724 4993 eo,
1743 4910 1818 4975 rata
