4859 6359
376 796 472 858 burm.
488 795 531 875 6.]
822 796 1019 859 HISTORIA
1044 799 1335 863 nlvtotlavtca
1722 802 1784 866 603

423 936 540 1017 Testes
560 942 677 1007 autem
702 930 883 1005 Cuuradus
909 932 1080 1031 Spirensis
1096 936 1296 1031 episcopus,
1325 938 1542 1011 llermauuus
1566 938 1719 1012 marchio
1736 938 1782 1013 do

373 1058 510 1151 Badeu,
530 1056 753 1131 Eberhardus
769 1056 814 1133 dc
829 1058 1028 1153 llbersteiu,
1058 1060 1114 1134 W.
1133 1060 1266 1157 dapifer
1276 1060 1322 1135 de
1335 1062 1544 1152 Boulaudia‚
1564 1062 1602 1136 C.
1617 1063 1781 1159 pincerna

373 1183 419 1258 dc
436 1182 688 1277 Clingeubnrg,
719 1181 757 1255 C.
786 1181 831 1257 dc
849 1182 1070 1277 Smidelvelt,
1091 1186 1131 1257 Ε.
1155 1184 1199 1259 de
1219 1185 1500 1283 Hertiugesberg,
1521 1187 1717 1262 flavuardus
1737 1186 1783 1263 de

373 1308 577 1400 Holzwanc,
598 1316 632 1383 et
648 1308 708 1381 elii
723 1309 958 1405 quamplures.

419 1432 506 1505 Acta
517 1431 614 1529 apud
623 1432 851 1530 Oppeuheim,
867 1456 957 1508 auno
964 1436 1100 1509 Domini
1114 1436 1351 1527 MCCXXXlll,
1363 1436 1462 1511 tertio
1474 1436 1640 1512 kalendas
1653 1438 1780 1531 martii,

371 1554 561 1631 indictione
573 1556 633 1630 Vl.

419 1801 583 1897 Sequitur
598 1802 729 1877 ibidem
744 1802 855 1876 torma
866 1802 1123 1897 compositionis
1136 1803 1293 1897 ejusdem
1309 1804 1376 1877 sub
1391 1804 1522 1879 eisdem
1540 1806 1673 1897 vorbis,
1699 1830 1783 1880 mu-

371 1926 450 1999 tatis
475 1925 669 2017 mutandis,
694 1948 715 2001 a
741 1926 878 2001 civibus
903 1926 1210 2000 wormatiensibus
1232 1926 1342 2019 edita,
1366 1950 1446 2001 cum
1470 1929 1614 2023 testibus
1631 1939 1666 2003 et
1692 1931 1782 2005 notis

374 2046 626 2145 chronologicis
642 2050 793 2136 eisdem3
810 2051 871 2123 ubi
888 2059 1004 2125 umen
1017 2049 1064 2125 ad
1078 2050 1224 2124 caudam
1237 2051 1387 2144 legitur:
1411 2078 1430 2123 a
1450 2052 1493 2125 Ut
1507 2062 1623 2126 autem
1633 2053 1699 2126 bec
1710 2067 1784 2127 rata

372 2186 595 2271 permaneant
607 2184 642 2249 et
653 2176 855 2249 inconvulsa
867 2186 901 2249 et
914 2176 1156 2250 iuviolabiliter
1168 2175 1411 2270 observentur,
1430 2177 1575 2251 formam
1588 2176 1679 2252 banc
1690 2199 1783 2251 com·

372 2299 570 2395 positionis,
600 2298 731 2373 domiui
756 2300 849 2395 regis
871 2310 905 2373 et
931 2298 1062 2373 domiui
1086 2300 1238 2395 episcopi
1263 2322 1305 2373 ac
1327 2300 1467 2393 majoris
1492 2301 1634 2375 enclesis
1659 2300 1781 2397 sigillis

371 2423 585 2515 roboratam,
604 2424 752 2498 civitatis
770 2425 872 2497 etiam
888 2424 1000 2519 sigillo
1018 2425 1162 2498 lecimus
1173 2425 1391 2497 communiri.
1414 2450 1432 2492 s

420 2656 550 2729 Extant
576 2666 692 2729 autem
721 2655 793 2729 duo
821 2655 889 2730 alia
914 2654 1173 2751 compositionis
1203 2654 1359 2748 ejusdem
1386 2655 1597 2753 exemplaria
1621 2683 1631 2727 ε
1654 2658 1785 2730 scilicet

374 2779 511 2853 Heurici
525 2780 679 2877 episcopi
693 2779 787 2877 apud
801 2781 949 2872 Moram,
974 2779 1268 2874 Ablundlunpoon
1284 2782 1429 2871 Worms,
1459 2802 1495 2875 p.
1520 2774 1604 2871 tol,
1632 2788 1668 2854 ct
1689 2782 1784 2854 Lau-

375 2904 457 2977 dolfi
472 2906 595 2979 decani
605 2906 816 3001 capitulique
823 2905 1090 2979 wormaciensis
1100 2903 1197 3002 apud
1210 2906 1387 2997 Boanum,
1403 2907 1537 2993 Fmtar,
1549 2915 1574 2978 t.
1585 2905 1629 2995 ll,
1643 2928 1679 3001 p.
1691 2906 1755 2982 22l
1770 2933 1781 2996 3

375 3031 483 3103 multo
498 3030 684 3127 integriora
697 3052 802 3127 quam
816 3030 912 3127 apud
926 3030 1114 3121 Seuerum,
1135 3028 1220 3103 dum
1237 3038 1315 3125 post
1331 3029 1436 3102 verba
1458 3052 1476 3097 u
1496 3028 1679 3125 episcopus
1690 3029 1783 3103 alte·

372 3176 446 3227 rum
463 3156 575 3227 civem
595 3155 782 3227 substituet
799 3178 838 3245 u,
859 3154 908 3227 ita
925 3164 1095 3251 pergant:

422 3302 440 3346 a
461 3278 497 3351 Si
512 3298 597 3351 vcro
607 3277 752 3373 predicti
762 3276 963 3373 quindecim
979 3298 1083 3373 super
1096 3276 1213 3372 aliquo
1230 3276 1375 3350 consilio
1385 3275 1476 3350 iuter
1490 3296 1530 3349 se
1541 3274 1779 3370 dimenserint,

371 3400 628 3475 assentiendum
643 3408 696 3475 est
713 3400 836 3495 majori
852 3401 954 3497 parti.
978 3402 1062 3475 ltem
1081 3398 1244 3475 domiuus
1257 3421 1322 3474 rex
1336 3422 1383 3475 ex
1403 3422 1529 3477 novem
1550 3401 1780 3497 burgensibus

372 3524 575 3599 consiliariis
586 3525 690 3620 eliget
699 3546 810 3597 uuum
824 3525 861 3598 iu
874 3526 1077 3621 magistrum
1089 3524 1252 3615 civitatis,
1265 3522 1432 3599 mutando
1444 3526 1557 3621 ipsum
1571 3525 1601 3597 si
1614 3526 1780 3621 placuerit

370 3648 415 3725 de
431 3671 524 3724 euno
542 3649 579 3723 iu
595 3671 745 3741 anuum,
765 3651 822 3724 vel
838 3651 1039 3723 immutatus
1054 3648 1100 3724 ab
1117 3670 1159 3724 co
1174 3650 1211 3723 iu
1228 3648 1353 3724 eodem
1368 3648 1481 3723 officio
1497 3671 1637 3745 prosus
1650 3650 1779 3724 voluu-

369 3774 447 3848 tatis
460 3774 602 3848 arbitrio
616 3773 841 3871 permanebit.
863 3772 932 3847 Sed
954 3773 1116 3847 domiuus
1134 3774 1316 3871 episcopus
1338 3772 1384 3848 de
1404 3796 1469 3848 sex
1486 3775 1652 3847 militibus
1667 3796 1776 3848 unum

368 3900 471 3993 eliget
485 3900 521 3972 iu
533 3900 620 3973 sesto
630 3900 781 3989 Martini,
796 3908 831 3973 ct
845 3900 961 3995 ipsum
972 3897 1017 3972 de
1028 3900 1160 3972 auuoiu
1173 3920 1302 3971 aunum
1314 3898 1550 3972 commutabit.
1564 3900 1777 3973 ltemomues

369 4024 596 4100 fraternitates
606 4025 788 4119 llusgcuoz
802 4033 838 4097 et
849 4023 1089 4098 Wiltvverlrere
1104 4024 1170 4097 illis
1183 4023 1342 4119 exceptis
1357 4022 1520 4096 ammodo
1539 4023 1679 4119 penitus
1700 4044 1775 4097 ces·

371 4149 508 4223 sabuut.
525 4148 717 4223 Preterhec
730 4149 846 4222 omnia
859 4168 928 4244 que
946 4148 1144 4245 supradicta
1160 4157 1257 4239 suut,
1282 4146 1445 4221 domiuus
1458 4148 1644 4243 episcopus
1659 4149 1774 4224 omniu

257 4267 258 4270 ‘
367 4275 462 4366 jura,
482 4272 598 4347 omnia
616 4272 814 4370 privilegia,
835 4272 943 4346 bouus
958 4271 1226 4347 consuetudines
1243 4270 1392 4345 civitatis
1408 4272 1522 4345 salvas
1534 4272 1771 4365 conservabit,

369 4396 582 4505 confirmabit
595 4407 631 4471 et
640 4397 844 4472 meliorabit.
860 4397 904 4470 Ut
915 4406 1030 4471 autem
1044 4396 1108 4473 bac
1122 4405 1209 4486 rata,
1223 4405 1289 4469 etc.
1307 4396 1372 4491 (l).
1395 4420 1414 4467 s
1434 4394 1572 4470 Adsunt
1582 4397 1773 4491 peculiares

372 4530 489 4614 testes,
510 4520 574 4595 sed
586 4514 739 4616 eaedem
747 4520 1007 4629 chronologicae
1022 4530 1134 4595 notae.
1715 4515 1718 4519 ⁴

717 4724 1101 4735 -------—·--—-=-——--.

403 4833 440 4908 (l)
458 4834 502 4893 cf.
517 4848 588 4909 quae
601 4849 683 4909 supra
700 4835 852 4894 uomvimus
872 4852 900 4910 p.
923 4838 990 4907 bil,
1014 4842 1070 4894 not.
1091 4841 1117 4894 t.
1138 4835 1281 4893 Dissidium
1302 4843 1390 4895 tamen
1410 4852 1492 4912 super
1509 4836 1639 4911 regimine
1655 4838 1771 4897 civitatis

371 4936 486 4991 exortum
506 4946 539 4989 ex
552 4930 599 4988 tali
613 4930 805 5007 compositione
816 4948 869 4990 non
883 4932 970 4991 adbuc
983 4932 1063 5008 plane
1076 4933 1215 4992 deferbuit.
