4859 6359
401 754 497 812 isurcu
513 751 560 829 8.]
852 751 1049 813 HISTORIA
1073 751 1365 813 brrtostsmcs.
1751 757 1811 820 729

403 884 555 992 speciali
586 883 741 992 recipit,
778 884 969 967 mandans
1004 911 1053 967 ne
1091 884 1230 996 aliquis
1265 909 1329 967 ess
1364 883 1404 964 iu
1440 884 1569 994 aliquo
1608 885 1809 971 molestare

401 1026 631 1124 praesumat.

482 1230 604 1308 (inedit.
625 1248 663 1290 ex
682 1232 805 1308 origin,
819 1233 895 1290 inter
908 1247 1040 1310 pergam.
1060 1231 1226 1304 Dusscreu,
1247 1237 1283 1290 u·
1303 1238 1337 1300 t,
1352 1231 1383 1289 in
1401 1229 1514 1290 archiv.
1529 1246 1592 1308 reg.
1607 1233 1742 1307 provinc.
1756 1247 1806 1308 ap.

518 1335 702 1397 Dmscidort
719 1335 833 1398 Pendet
853 1336 952 1398 adbuc
964 1338 1094 1416 sigilium
1107 1337 1192 1398 sibae
1212 1351 1297 1397 cerae
1309 1351 1378 1396 cum
1391 1333 1450 1395 tilis
1463 1338 1563 1397 sericis
1581 1336 1653 1396 tlavi
1674 1343 1704 1397 et
1726 1335 1809 1396 rubri

517 1438 649 1520 coieris.)

447 1628 668 1719 Fredericus,
685 1630 749 1703 Dei
765 1631 876 1724 grstia
890 1631 1121 1703 Romanomm
1137 1631 1322 1726 imperator
1337 1651 1473 1725 semper
1495 1637 1682 1724 augustus,
1701 1629 1808 1702 Jeru-

401 1753 505 1825 salem
522 1761 557 1824 et
570 1753 686 1825 Sicilie
712 1775 789 1825 rex.
810 1755 875 1826 Per
889 1774 1034 1850 presens
1048 1753 1215 1848 scripturn
1233 1763 1353 1827 uotum
1369 1753 1444 1826 fieri
1461 1753 1622 1825 volumus
1637 1753 1809 1826 universis

402 1875 562 1949 fidelibus
582 1877 708 1949 nostris
736 1886 772 1949 et
795 1877 930 1972 imperii
954 1887 1025 1950 tam
1047 1878 1260 1972 presentibus
1276 1899 1382 1972 quarn
1410 1877 1535 1950 tuturis
1551 1876 1647 1970 quod
1675 1929 1684 1947 .
1715 1930 1724 1949 .
1755 1933 1764 1950 .
1794 1932 1804 1950 .

401 2001 608 2074 venerabilis
636 2001 809 2075 abbatissa
837 2013 872 2075 et
897 2011 1088 2076 conventus
1119 2003 1318 2076 monasterii
1343 2000 1388 2074 de
1411 2003 1582 2074 Bassareu
1599 1998 1668 2098 (t),
1690 2001 1809 2076 fideles

402 2133 527 2217 nosbe,
540 2126 710 2218 majestati
722 2135 837 2200 nostre
850 2126 1026 2199 humiliter
1042 2126 1280 2222 supplicarunt
1294 2134 1334 2197 ut
1347 2134 1417 2198 tarn
1436 2126 1529 2220 ipsas
1547 2148 1652 2219 quam
1666 2135 1701 2198 et
1718 2127 1808 2198 bona

401 2250 597 2323 monasterii
616 2250 773 2344 ejusdem
791 2252 859 2323 sub
870 2260 988 2324 nostra
1005 2260 1041 2325 et
1053 2250 1190 2347 imperii
1204 2249 1416 2346 protectione
1432 2249 1477 2324 do
1493 2259 1606 2322 nostra
1621 2249 1730 2344 gratia
1746 2273 1808 2322 re-

402 2373 514 2467 cipere
531 2373 764 2468 dignaremur.
782 2375 852 2447 Nos
870 2375 976 2469 igitur
994 2375 1306 2472 supplicationibus
1329 2375 1403 2447 suis
1416 2374 1565 2468 benigne
1580 2383 1615 2445 et
1628 2375 1808 2448 favorabi-

402 2495 479 2569 liter
508 2497 680 2590 inciiuati‚
712 2497 888 2594 predictas
915 2499 1123 2572 abbatissam
1153 2509 1188 2572 et
1214 2509 1425 2572 conventum
1456 2497 1576 2572 fideles
1604 2507 1740 2572 nostras
1776 2509 1811 2572 et

402 2623 647 2694 monasterinm
674 2622 789 2718 ipsum
816 2645 897 2697 cum
923 2623 1085 2696 omnibus
1101 2624 1204 2696 bonis
1230 2623 1387 2716 suisque
1405 2621 1442 2694 in
1458 2621 1707 2718 presentiarum
1718 2622 1811 2714 juste

404 2752 494 2818 tenet
510 2753 545 2818 et
561 2746 715 2842 possidet
732 2757 767 2820 et
782 2770 852 2843 que
871 2749 909 2820 in
924 2758 1025 2821 autea
1037 2749 1132 2842 justo
1148 2748 1249 2820 titulo
1265 2747 1389 2843 poterit
1404 2745 1568 2842 adipisci,
1586 2747 1653 2818 sub
1671 2755 1812 2842 protec-

404 2869 494 2943 tione
507 2879 625 2944 nostra
639 2881 675 2944 et
689 2872 826 2968 imperii
837 2873 1031 2968 recepimus
1052 2873 1206 2969 speciali.
1227 2872 1442 2946 Preseutium
1463 2871 1567 2966 igitur
1581 2879 1699 2944 tenore
1713 2892 1813 2944 man·

406 2991 528 3065 damus
544 2992 688 3066 firmiter
703 2995 899 3069 inhibentes
913 2997 1078 3091 quatinus
1093 2997 1211 3068 nullus
1229 2997 1273 3068 sit
1295 2997 1354 3090 qui
1373 2997 1521 3091 prefatas
1542 2994 1751 3068 abbatissam
1779 3007 1813 3068 et

406 3127 610 3191 conventum
625 3116 749 3192 fideles
759 3129 892 3193 nostras
905 3142 946 3193 ac
958 3122 1074 3217 ipsum
1085 3121 1331 3194 monasterium
1346 3129 1463 3192 contra
1475 3119 1581 3211 hujus
1593 3118 1813 3214 protectionis

405 3251 516 3314 nostre
541 3243 706 3338 pagiuam
729 3265 818 3317 ausu
840 3247 1023 3318 temerario
1046 3246 1082 3316 in
1105 3246 1223 3339 aliquo
1248 3245 1428 3318 molestare
1444 3242 1614 3330 indebita,
1644 3241 1813 3338 impedire

407 3365 458 3435 vei
477 3365 670 3459 inquietare
694 3377 882 3460 presumat.
911 3367 1013 3454 Quod
1043 3368 1106 3462 qui
1127 3368 1373 3463 presumpserit
1402 3366 1674 3461 indignationem
1706 3365 1812 3438 nostri

406 3489 563 3561 culminis
587 3510 625 3561 se
649 3491 784 3562 noverit
806 3491 1039 3584 incursurum.
1066 3490 1121 3565 Ad
1142 3492 1248 3585 hujus
1262 3491 1379 3586 itaqua
1394 3491 1444 3564 rei
1463 3491 1662 3564 memoriam
1682 3499 1718 3564 et
1734 3512 1812 3586 per·

322 3619 328 3636 “
404 3622 541 3704 petuam
554 3611 913 3710 firmitatem,presens
927 3616 1095 3711 scripturn
1108 3613 1183 3687 fieri
1193 3614 1558 3706 jussimusmajestatis
1573 3613 1812 3705 nostresigiiio

400 3735 586 3806 munitum.

451 3860 575 3930 Datum
589 3867 676 3954 aput
697 3859 949 3953 wormaciam,
976 3883 1068 3935 auno
1086 3861 1258 3935 dominice
1281 3859 1527 3934 incarnationis
1538 3860 1720 3934 millesimo
1738 3859 1812 3934 dn-

398 3983 591 4055 centesimo
609 3983 928 4079 tricesimoquiuto,
949 4007 1068 4059 mense
1082 3986 1183 4078 julii,
1203 3995 1324 4060 octave
1342 3985 1553 4059 indictionis.

626 4290 1587 4304 m——mffi

463 4564 676 4672 Corradus,
691 4565 1013 4654 Hildesbemensis
1030 4573 1244 4682 episcopus,
1266 4574 1447 4684 Gregorio
1463 4600 1584 4684 papae
1602 4575 1815 4686 gratulatur
1878 4597 1982 4704 Μ]

388 4749 1811 4792 “·“··“-····-·-·-·-··------·--·--·-------

445 4858 479 4931 (ι)
497 4815 578 4918 saxu
589 4860 737 4938 cussus,
752 4863 779 4920 ru
792 4863 972 4940 campumt.

502 4959 556 5021 IV.
577 4977 667 5022 rnna
1616 4979 1654 5031 92
