4859 6359
580 769 642 833 826
1078 767 1296 832 rolonntol
1314 767 1493 832 secono!
1803 767 1883 854 [An.
1896 768 1987 832 lma

582 905 687 977 licam
712 900 898 994 constituti,
924 903 1101 998 negotium
1120 905 1224 978 Tarra
1236 907 1363 978 Sanno
1375 901 1474 1000 quod
1490 900 1539 976 ad
1558 909 1688 997 tepost
1700 899 1988 1000 &antepono-

582 1025 685 1102 licam
708 1026 860 1100 noscitur
873 1027 1068 1122 specialiter
1084 1029 1275 1125 pertinere,
1294 1029 1462 1104 duximus
1482 1023 1751 1116 assumentium,
1767 1027 1990 1122 providentes

582 1162 623 1225 ut
638 1150 730 1224 orbis
751 1159 839 1224 terre
860 1149 1036 1226 discordas
1051 1152 1098 1225 nd
1114 1161 1272 1247 treugam
1289 1153 1347 1226 vel
1369 1150 1590 1225 concordiam
1608 1160 1824 1246 cogerentur,
1841 1160 1876 1224 et
1891 1151 1990 1247 quod

580 1277 652 1368 jem
665 1273 713 1348 ad
734 1273 800 1347 hon
819 1274 930 1368 aliqui
948 1296 996 1348 ex
1016 1277 1154 1370 magnis
1174 1286 1267 1351 terre
1283 1263 1502 1372 principibus
1520 1283 1605 1347 sunt
1627 1275 1810 1370 compulsi,
1832 1275 1989 1369 quinimo

583 1419 683 1491 reges
701 1397 826 1494 aliqui,
846 1397 945 1470 multi
967 1398 1102 1471 nobiles
1125 1409 1160 1472 et
1182 1409 1339 1496 polenta
1356 1399 1470 1474 cruos
1489 1397 1708 1493 signaculum
1731 1419 1797 1494 par
1818 1398 1881 1470 llei
1903 1419 1989 1492 gn-

581 1523 665 1595 tiam
682 1521 885 1618 receperint,
898 1522 1072 1618 prelatum
1084 1522 1290 1618 magistrum
1304 1525 1365 1613 ll,
1375 1543 1423 1594 ne
1436 1521 1531 1595 dicte
1546 1531 1638 1594 terra
1648 1521 1823 1615 negotium
1834 1521 1932 1616 quod
1940 1521 1987 1597 ad

584 1646 764 1719 utilitatem
775 1645 941 1739 Ecclesia
957 1647 1094 1742 imperii
1112 1669 1154 1720 ac
1167 1649 1273 1721 totius
1289 1647 1409 1744 populi
1422 1645 1597 1720 christiani
1612 1643 1766 1718 noscitu
1774 1644 1984 1738 ordinatum,

581 1769 676 1865 quod
704 1769 812 1862 absit,
842 1771 956 1843 valent
979 1769 1160 1867 impediri,
1187 1793 1268 1844 cnm
1292 1771 1396 1868 pleno
1423 1769 1588 1844 mandato
1612 1768 1659 1842 (le
1683 1767 1988 1864 mmpomittendo

435 1897 438 1902 ’
581 1915 687 1990 super
706 1893 882 1991 premissis
900 1895 1031 1990 precise
1051 1895 1089 1966 iu
1109 1896 1273 1968 munibus
1292 1895 1418 1968 nostris
1437 1896 1513 1966 sine
1535 1913 1633 1966 moro
1650 1890 1988 1988 ffispcndiostndens

582 2017 774 2110 destinare3
801 2017 948 2091 sciturus
977 2017 1073 2114 quud
1094 2018 1123 2091 si
1143 2027 1263 2092 eonnu
1276 2017 1505 2109 lombardos,
1524 2016 1772 2090 memmecnm
1795 2038 1838 2090 se
1856 2015 1988 2112 prodes

581 2142 620 2214 in
637 2142 797 2214 manibus
818 2141 968 2217 Ecclesia
993 2143 1190 2239 posuerint,
1215 2143 1282 2218 lunc
1301 2143 1518 2240 pennum
1537 2153 1691 2238 tempore
1710 2141 1898 2238 prucadere
1911 2161 1986 2214 mo-

581 2265 710 2357 lireris,
740 2274 870 2340 nutam
899 2267 1050 2362 exempli
1079 2268 1264 2362 perniciem
1290 2269 1371 2342 aliis
1399 2264 1586 2340 tultuendo
1611 2287 1675 2362 per
1702 2287 1809 2360 quam
1834 2263 1986 2360 presumi

585 2389 735 2484 possita
755 2389 912 2485 pluribus
933 2390 1030 2484 quod
1055 2402 1185 2464 ceteros
1207 2391 1358 2465 Ecclesia
1379 2391 1572 2483 fefellisset,
1596 2387 1636 2464 tn
1660 2389 1734 2486 pati
1760 2388 1988 2484 equanimiter

582 2511 741 2585 camdem
758 2512 944 2586 Ecclesiam
959 2533 1030 2587 uon
1047 2513 1197 2606 deceret,
1212 2517 1395 2611 prosertim
1414 2535 1496 2588 cum
1515 2535 1621 2611 super
1638 2513 1777 2608 negotio
1792 2513 1832 2585 in
1849 2533 1921 2606 qno
1938 2510 1987 2585 do

581 2647 675 2709 tanta
698 2637 806 2730 gloria
820 2636 1056 2734 Redemptoris
1073 2639 1200 2733 agitur,
1221 2641 1375 2736 acceptio
1392 2659 1614 2736 personarum
1634 2637 1754 2712 nubea
1772 2657 1843 2710 nnn
1861 2635 1989 2708 dolrem

579 2781 644 2832 nec
659 2761 792 2855 aliquid
812 2783 878 2834 uos
896 2761 1016 2837 ment
1036 2761 1165 2860 perpeti
1189 2785 1251 2860 per
1273 2764 1371 2859 qnod
1397 2785 1577 2860 processus
1601 2761 1756 2855 ejusdam
1778 2768 1896 2855 posset
1916 2758 1987 2831 ali·

578 2895 751 2976 quatenus
768 2883 939 2981 impediri.
961 2887 1148 2982 Diligenter
1160 2890 1253 2962 euim
1271 2887 1492 2962 musidcrnre
1509 2900 1542 2962 te
1563 2887 1725 2960 conuenit
1740 2883 1837 2980 quod
1859 2884 1908 2954 illi
1926 2883 1988 2978 qui

581 3007 783 3081 expellentis
801 3018 860 3082 tue
877 3009 1047 3084 mutuaris
1061 3011 1263 3104 consulunt,
1283 3011 1383 3085 adid
1402 3023 1437 3084 ta
1451 3012 1609 3084 nituntur
1625 3009 1790 3082 iuducere
1807 3029 1870 3102 peu
1892 3004 1988 3101 quotl

584 3139 618 3201 to
636 3128 702 3202 illis
726 3131 902 3206 laboribus
920 3133 1077 3208 involuto
1107 3134 1152 3208 de
1176 3136 1306 3230 quibua
1326 3135 1372 3209 du
1393 3134 1485 3208 lucili
1508 3153 1661 3230 nequem
1685 3129 1863 3227 expediri,
1893 3128 1989 3201 utili·

584 3261 670 3325 tates
683 3275 768 3326 suas
785 3251 907 3327 fortius
921 3257 1061 3329 ualeant
1075 3279 1272 3352 procurare.

631 3377 756 3448 Datum
777 3378 931 3468 viterbii,
953 3381 1016 3451 Xll
1033 3379 1199 3454 kalendas
1214 3382 1349 3477 aprilis,
1364 3399 1458 3454 nuno
1469 3382 1515 3453 X.

632 3498 801 3594 Scriptum
820 3511 872 3573 est
889 3502 926 3573 iu
946 3502 1107 3576 eumdem
1123 3505 1194 3578 lere
1205 3505 1351 3579 modum
1368 3505 1531 3601 episcopo
1549 3501 1788 3576 lluushnmi
1804 3489 2005 3595 imperiale

584 3619 664 3694 aule
691 3623 904 3712 cancellario,
931 3625 1187 3719 Mogontinensi
1203 3638 1241 3702 et
1263 3628 1459 3702 trevirensi
1483 3624 1750 3722 archiepiscopis
1772 3634 1807 3697 et
1823 3624 1988 3719 opimo

583 3743 815 3818 lldesemensi.

632 3869 670 3940 ln
691 3868 854 3942 eumdem
879 3891 1022 3967 qunque
1044 3871 1184 3946 modum
1212 3875 1374 3971 scriptum
1398 3885 1451 3947 est
1465 3873 1627 3968 magistro
1649 3869 1827 3968 hospitatis
1841 3869 1989 3941 &notae

584 3989 711 4062 Mariae
721 3989 1007 4068 l'heutonioorum
1022 3997 1220 4090 usquead«
1237 3996 1378 4071 valum
1393 4017 1588 4092 procurare.
1599 3995 1770 4082 Quocirca
1784 3990 1989 4066 mandamus

583 4124 754 4208 quatenus
776 4115 906 4190 (lictum
924 4119 1164 4217 imperatorcm
1190 4121 1237 4198 ud
1259 4121 1299 4196 io
1326 4121 1508 4197 efficaciter
1531 4141 1674 4196 moneas
1699 4129 1737 4196 et
1760 4117 1905 4193 induces
1920 4113 1986 4212 (l).

582 4236 721 4330 Datum,
738 4247 779 4312 ut
794 4259 910 4338 supra
925 4265 943 4312 u

622 4571 656 4644 (t)
677 4571 758 4630 Paulo
771 4579 843 4647 post,
859 4573 903 4632 die
916 4575 1045 4650 vigesimo
1058 4578 1172 4652 septimo
1184 4577 1265 4652 hujus
1278 4579 1379 4637 mensis
1390 4579 1493 4651 martii,
1505 4578 1576 4635 idem
1595 4576 1722 4650 magister
1736 4573 1848 4631 llomem
1860 4575 1986 4629 evocatus

585 4673 628 4725 est
645 4689 657 4720 α
675 4684 726 4742 pro
741 4685 839 4745 magno
853 4671 955 4732 honore
967 4675 1101 4733 Ecclesiae
1116 4681 1144 4732 et
1163 4675 1266 4750 imperii
1280 4675 1462 4750 promouendo
1481 4690 1514 4734 ac
1525 4689 1580 4749 pro
1594 4672 1708 4746 min
1719 4671 1819 4730 Terra
1830 4669 1944 4728 smne·
1958 4675 1988 4722 0⁸

584 4765 1036 4934 iillffiil'tixwllim·
1056 4772 1151 4847 Μ*
1166 4790 1173 4828 ²
1189 4771 1291 4841 Μ
1302 4774 1365 4832 ⁰⁹¹⁹
1380 4772 1507 4845 ‘W‘
1521 4771 1558 4833 ⁹¹
1575 4770 1632 4832 ¹¹²
1647 4768 1782 4845 ''⁹⁶¹⁵‘’
1802 4764 1889 4825 ’ὼ
1904 4763 1987 4820 ”””’

642 4890 645 4912 ¹
688 4901 696 4918 ·
753 4905 760 4936 r
882 4906 890 4938 r
980 4910 986 4923 ·
