<?xml version="1.0" encoding="UTF-8"?>
<!DOCTYPE html PUBLIC "-//W3C//DTD XHTML 1.0 Transitional//EN"
    "http://www.w3.org/TR/xhtml1/DTD/xhtml1-transitional.dtd">
<html xmlns="http://www.w3.org/1999/xhtml" xml:lang="en" lang="en">
 <head>
  <title>
</title>
<meta http-equiv="Content-Type" content="text/html;charset=utf-8" />
  <meta name='ocr-system' content='tesseract 3.04.00' />
  <meta name='ocr-capabilities' content='ocr_page ocr_carea ocr_par ocr_line ocrx_word'/>
</head>
<body>
  <div class='ocr_page' id='page_1' title='image "./historiadiploma05fredgoog_0206.png"; bbox 0 0 4859 6359; ppageno 0'>
   <div class='ocr_carea' id='block_1_1' title="bbox 636 763 2041 845">
    <p class='ocr_par' dir='ltr' id='par_1_1' title="bbox 636 763 2041 845">
     <span class='ocr_line' id='line_1_1' title="bbox 636 763 2041 845; baseline 0.002 -20"><span class='ocrx_word' id='word_1_1' title='bbox 636 764 697 827; x_wconf 78' lang='grc'><strong>’148</strong></span> <span class='ocrx_word' id='word_1_2' title='bbox 1133 763 1345 824; x_wconf 75' lang='lat' dir='ltr'><strong>releuaret</strong></span> <span class='ocrx_word' id='word_1_3' title='bbox 1370 763 1542 826; x_wconf 75' lang='lat' dir='ltr'><strong>suctum</strong></span> <span class='ocrx_word' id='word_1_4' title='bbox 1857 766 1939 845; x_wconf 74' lang='lat' dir='ltr'><strong>[Aur.</strong></span> <span class='ocrx_word' id='word_1_5' title='bbox 1958 767 2041 828; x_wconf 75' lang='lat' dir='ltr'><strong>tete</strong></span> 
     </span>
    </p>
   </div>
   <div class='ocr_carea' id='block_1_2' title="bbox 628 897 2044 4458">
    <p class='ocr_par' dir='ltr' id='par_1_2' title="bbox 628 897 2044 4458">
     <span class='ocr_line' id='line_1_2' title="bbox 639 897 2043 993; baseline -0.001 -19"><span class='ocrx_word' id='word_1_6' title='bbox 639 913 675 974; x_wconf 85' lang='lat' dir='ltr'><strong>et</strong></span> <span class='ocrx_word' id='word_1_7' title='bbox 686 899 754 971; x_wconf 88' lang='lat' dir='ltr'><strong>nisi</strong></span> <span class='ocrx_word' id='word_1_8' title='bbox 767 898 814 972; x_wconf 89' lang='lat' dir='ltr'><strong>de</strong></span> <span class='ocrx_word' id='word_1_9' title='bbox 829 897 945 970; x_wconf 89' lang='lat' dir='ltr'><strong>causis</strong></span> <span class='ocrx_word' id='word_1_10' title='bbox 958 897 1144 988; x_wconf 80' lang='lat' dir='ltr'><strong>maximis3</strong></span> <span class='ocrx_word' id='word_1_11' title='bbox 1171 897 1405 993; x_wconf 89' lang='lat' dir='ltr'><strong>predictarum</strong></span> <span class='ocrx_word' id='word_1_12' title='bbox 1421 900 1549 972; x_wconf 90' lang='lat' dir='ltr'><strong>etenim</strong></span> <span class='ocrx_word' id='word_1_13' title='bbox 1566 898 1816 973; x_wconf 82' lang='lat' dir='ltr'><strong>discussionem</strong></span> <span class='ocrx_word' id='word_1_14' title='bbox 1831 910 1867 973; x_wconf 93' lang='lat' dir='ltr'><strong>et</strong></span> <span class='ocrx_word' id='word_1_15' title='bbox 1872 900 2043 992; x_wconf 87' lang='lat' dir='ltr'><strong>judicium</strong></span> 
     </span>
     <span class='ocr_line' id='line_1_3' title="bbox 639 1021 2044 1112; baseline -0.002 -15"><span class='ocrx_word' id='word_1_16' title='bbox 639 1033 755 1097; x_wconf 90' lang='lat' dir='ltr'><strong>nostre</strong></span> <span class='ocrx_word' id='word_1_17' title='bbox 764 1021 959 1094; x_wconf 87' lang='lat' dir='ltr'><strong>celsitudini</strong></span> <span class='ocrx_word' id='word_1_18' title='bbox 978 1041 1208 1094; x_wconf 76' lang='lat' dir='ltr'>reservamus.</span> <span class='ocrx_word' id='word_1_19' title='bbox 1228 1021 1293 1094; x_wconf 87' lang='lat' dir='ltr'><strong>liic</strong></span> <span class='ocrx_word' id='word_1_20' title='bbox 1301 1021 1416 1112; x_wconf 81' lang='lat' dir='ltr'><strong>judex</strong></span> <span class='ocrx_word' id='word_1_21' title='bbox 1431 1023 1593 1096; x_wconf 87' lang='lat' dir='ltr'><strong>terminos</strong></span> <span class='ocrx_word' id='word_1_22' title='bbox 1606 1024 1682 1096; x_wconf 85' lang='lat' dir='ltr'><strong>sive</strong></span> <span class='ocrx_word' id='word_1_23' title='bbox 1702 1023 1779 1097; x_wconf 88' lang='lat' dir='ltr'><strong>dies</strong></span> <span class='ocrx_word' id='word_1_24' title='bbox 1792 1024 1829 1094; x_wconf 91' lang='lat' dir='ltr'><strong>in</strong></span> <span class='ocrx_word' id='word_1_25' title='bbox 1845 1023 1913 1096; x_wconf 87' lang='lat' dir='ltr'><strong>illis</strong></span> <span class='ocrx_word' id='word_1_26' title='bbox 1926 1022 2044 1096; x_wconf 81' lang='lat' dir='ltr'><strong>arduis</strong></span> 
     </span>
     <span class='ocr_line' id='line_1_4' title="bbox 638 1143 2043 1242; baseline 0.001 -23"><span class='ocrx_word' id='word_1_27' title='bbox 638 1147 751 1220; x_wconf 73' lang='lat' dir='ltr'><strong>cande</strong></span> <span class='ocrx_word' id='word_1_28' title='bbox 768 1143 1039 1237; x_wconf 89' lang='lat' dir='ltr'><strong>eorumdemque</strong></span> <span class='ocrx_word' id='word_1_29' title='bbox 1051 1143 1098 1216; x_wconf 91' lang='lat' dir='ltr'><strong>ad</strong></span> <span class='ocrx_word' id='word_1_30' title='bbox 1115 1145 1352 1239; x_wconf 76' lang='lat' dir='ltr'><strong>imperatorem</strong></span> <span class='ocrx_word' id='word_1_31' title='bbox 1365 1146 1417 1242; x_wconf 85' lang='lat' dir='ltr'><strong>(c)</strong></span> <span class='ocrx_word' id='word_1_32' title='bbox 1431 1155 1587 1242; x_wconf 86' lang='lat' dir='ltr'><strong>spectent</strong></span> <span class='ocrx_word' id='word_1_33' title='bbox 1600 1167 1670 1220; x_wconf 91' lang='lat' dir='ltr'><strong>nou</strong></span> <span class='ocrx_word' id='word_1_34' title='bbox 1687 1145 1917 1242; x_wconf 78' lang='lat' dir='ltr'><strong>preligetsine</strong></span> <span class='ocrx_word' id='word_1_35' title='bbox 1928 1157 2043 1220; x_wconf 88' lang='lat' dir='ltr'><strong>nostro</strong></span> 
     </span>
     <span class='ocr_line' id='line_1_5' title="bbox 638 1267 2043 1372; baseline 0.001 -31"><span class='ocrx_word' id='word_1_36' title='bbox 638 1269 777 1364; x_wconf 87' lang='lat' dir='ltr'><strong>speciali</strong></span> <span class='ocrx_word' id='word_1_37' title='bbox 791 1267 968 1341; x_wconf 86' lang='lat' dir='ltr'><strong>mandato.</strong></span> <span class='ocrx_word' id='word_1_38' title='bbox 988 1267 1078 1340; x_wconf 85' lang='lat' dir='ltr'><strong>lieos</strong></span> <span class='ocrx_word' id='word_1_39' title='bbox 1093 1289 1164 1338; x_wconf 91' lang='lat' dir='ltr'><strong>non</strong></span> <span class='ocrx_word' id='word_1_40' title='bbox 1176 1267 1367 1362; x_wconf 76' lang='lat' dir='ltr'><strong>proscribet</strong></span> <span class='ocrx_word' id='word_1_41' title='bbox 1384 1289 1489 1341; x_wconf 91' lang='lat' dir='ltr'><strong>neca</strong></span> <span class='ocrx_word' id='word_1_42' title='bbox 1514 1269 1761 1372; x_wconf 77' lang='lat' dir='ltr'><strong>prescriptione</strong></span> <span class='ocrx_word' id='word_1_43' title='bbox 1782 1270 1955 1355; x_wconf 80' lang='lat' dir='ltr'><strong>absolvet3</strong></span> <span class='ocrx_word' id='word_1_44' title='bbox 1980 1269 2043 1342; x_wconf 91' lang='lat' dir='ltr'><strong>bec</strong></span> 
     </span>
     <span class='ocr_line' id='line_1_6' title="bbox 638 1373 2044 1488; baseline 0.002 -24"><span class='ocrx_word' id='word_1_45' title='bbox 638 1373 789 1486; x_wconf 90' lang='lat' dir='ltr'><strong>namque</strong></span> <span class='ocrx_word' id='word_1_46' title='bbox 802 1391 995 1464; x_wconf 80' lang='lat' dir='ltr'><strong>auctoritati</strong></span> <span class='ocrx_word' id='word_1_47' title='bbox 1008 1401 1124 1463; x_wconf 88' lang='lat' dir='ltr'><strong>nostre</strong></span> <span class='ocrx_word' id='word_1_48' title='bbox 1134 1401 1169 1462; x_wconf 90' lang='lat' dir='ltr'><strong>et</strong></span> <span class='ocrx_word' id='word_1_49' title='bbox 1183 1391 1388 1464; x_wconf 85' lang='lat' dir='ltr'><strong>excellentie</strong></span> <span class='ocrx_word' id='word_1_50' title='bbox 1403 1411 1635 1466; x_wconf 83' lang='lat' dir='ltr'><strong>reservamus.</strong></span> <span class='ocrx_word' id='word_1_51' title='bbox 1655 1391 1935 1484; x_wconf 79' lang='lat' dir='ltr'><strong>litidemjurabit</strong></span> <span class='ocrx_word' id='word_1_52' title='bbox 1949 1393 2044 1488; x_wconf 92' lang='lat' dir='ltr'><strong>quod</strong></span> 
     </span>
     <span class='ocr_line' id='line_1_7' title="bbox 637 1513 2043 1611; baseline -0.001 -22"><span class='ocrx_word' id='word_1_53' title='bbox 637 1513 746 1589; x_wconf 89' lang='lat' dir='ltr'><strong>nichil</strong></span> <span class='ocrx_word' id='word_1_54' title='bbox 762 1514 909 1610; x_wconf 89' lang='lat' dir='ltr'><strong>accipiet</strong></span> <span class='ocrx_word' id='word_1_55' title='bbox 923 1513 1142 1610; x_wconf 81' lang='lat' dir='ltr'><strong>prejudicio,</strong></span> <span class='ocrx_word' id='word_1_56' title='bbox 1160 1515 1246 1608; x_wconf 87' lang='lat' dir='ltr'><strong>quie</strong></span> <span class='ocrx_word' id='word_1_57' title='bbox 1263 1536 1328 1588; x_wconf 91' lang='lat' dir='ltr'><strong>nec</strong></span> <span class='ocrx_word' id='word_1_58' title='bbox 1349 1535 1468 1588; x_wconf 89' lang='lat' dir='ltr'><strong>amore</strong></span> <span class='ocrx_word' id='word_1_59' title='bbox 1479 1536 1543 1588; x_wconf 90' lang='lat' dir='ltr'><strong>nec</strong></span> <span class='ocrx_word' id='word_1_60' title='bbox 1554 1515 1635 1588; x_wconf 91' lang='lat' dir='ltr'><strong>odio</strong></span> <span class='ocrx_word' id='word_1_61' title='bbox 1653 1536 1718 1588; x_wconf 89' lang='lat' dir='ltr'><strong>nec</strong></span> <span class='ocrx_word' id='word_1_62' title='bbox 1732 1535 1833 1611; x_wconf 88' lang='lat' dir='ltr'><strong>prece</strong></span> <span class='ocrx_word' id='word_1_63' title='bbox 1850 1537 1916 1587; x_wconf 89' lang='lat' dir='ltr'><strong>nec</strong></span> <span class='ocrx_word' id='word_1_64' title='bbox 1932 1516 2043 1610; x_wconf 87' lang='lat' dir='ltr'><strong>pretio</strong></span> 
     </span>
     <span class='ocr_line' id='line_1_8' title="bbox 635 1636 2042 1734; baseline -0.001 -22"><span class='ocrx_word' id='word_1_65' title='bbox 635 1661 700 1713; x_wconf 90' lang='lat' dir='ltr'><strong>nec</strong></span> <span class='ocrx_word' id='word_1_66' title='bbox 711 1639 834 1712; x_wconf 73' lang='lat' dir='ltr'><strong>umore</strong></span> <span class='ocrx_word' id='word_1_67' title='bbox 850 1660 916 1711; x_wconf 90' lang='lat' dir='ltr'><strong>nec</strong></span> <span class='ocrx_word' id='word_1_68' title='bbox 930 1639 1040 1732; x_wconf 80' lang='lat' dir='ltr'><strong>gratia</strong></span> <span class='ocrx_word' id='word_1_69' title='bbox 1059 1660 1124 1711; x_wconf 89' lang='lat' dir='ltr'><strong>nec</strong></span> <span class='ocrx_word' id='word_1_70' title='bbox 1139 1639 1206 1711; x_wconf 89' lang='lat' dir='ltr'><strong>alia</strong></span> <span class='ocrx_word' id='word_1_71' title='bbox 1224 1659 1446 1733; x_wconf 90' lang='lat' dir='ltr'><strong>quacumque</strong></span> <span class='ocrx_word' id='word_1_72' title='bbox 1459 1636 1505 1711; x_wconf 92' lang='lat' dir='ltr'><strong>de</strong></span> <span class='ocrx_word' id='word_1_73' title='bbox 1520 1659 1626 1711; x_wconf 82' lang='lat' dir='ltr'><strong>rausa</strong></span> <span class='ocrx_word' id='word_1_74' title='bbox 1637 1639 1810 1730; x_wconf 89' lang='lat' dir='ltr'><strong>judicabit</strong></span> <span class='ocrx_word' id='word_1_75' title='bbox 1823 1640 1922 1710; x_wconf 87' lang='lat' dir='ltr'><strong>aliter</strong></span> <span class='ocrx_word' id='word_1_76' title='bbox 1938 1661 2042 1734; x_wconf 86' lang='lat' dir='ltr'><strong>quarn</strong></span> 
     </span>
     <span class='ocr_line' id='line_1_9' title="bbox 630 1759 2041 1856; baseline -0.001 -21"><span class='ocrx_word' id='word_1_77' title='bbox 630 1766 761 1856; x_wconf 84' lang='lat' dir='ltr'><strong>justum</strong></span> <span class='ocrx_word' id='word_1_78' title='bbox 774 1763 860 1835; x_wconf 89' lang='lat' dir='ltr'><strong>sciat</strong></span> <span class='ocrx_word' id='word_1_79' title='bbox 874 1764 933 1835; x_wconf 86' lang='lat' dir='ltr'><strong>vel</strong></span> <span class='ocrx_word' id='word_1_80' title='bbox 948 1759 1265 1835; x_wconf 89' lang='lat' dir='ltr'><strong>credatsecundum</strong></span> <span class='ocrx_word' id='word_1_81' title='bbox 1280 1761 1524 1836; x_wconf 91' lang='lat' dir='ltr'><strong>conscientiam</strong></span> <span class='ocrx_word' id='word_1_82' title='bbox 1536 1784 1648 1852; x_wconf 83' lang='lat' dir='ltr'><strong>suam,</strong></span> <span class='ocrx_word' id='word_1_83' title='bbox 1669 1763 1762 1835; x_wconf 91' lang='lat' dir='ltr'><strong>bona</strong></span> <span class='ocrx_word' id='word_1_84' title='bbox 1780 1760 1850 1835; x_wconf 90' lang='lat' dir='ltr'><strong>lide</strong></span> <span class='ocrx_word' id='word_1_85' title='bbox 1860 1763 1936 1834; x_wconf 88' lang='lat' dir='ltr'><strong>sine</strong></span> <span class='ocrx_word' id='word_1_86' title='bbox 1947 1765 2041 1834; x_wconf 91' lang='lat' dir='ltr'><strong>omni</strong></span> 
     </span>
     <span class='ocr_line' id='line_1_10' title="bbox 634 1883 2042 1980; baseline 0.001 -23"><span class='ocrx_word' id='word_1_87' title='bbox 634 1885 758 1958; x_wconf 84' lang='lat' dir='ltr'><strong>fraude</strong></span> <span class='ocrx_word' id='word_1_88' title='bbox 774 1895 811 1958; x_wconf 88' lang='lat' dir='ltr'><strong>at</strong></span> <span class='ocrx_word' id='word_1_89' title='bbox 827 1885 920 1958; x_wconf 92' lang='lat' dir='ltr'><strong>dolo.</strong></span> <span class='ocrx_word' id='word_1_90' title='bbox 937 1883 1059 1958; x_wconf 82' lang='lat' dir='ltr'><strong>Eidem</strong></span> <span class='ocrx_word' id='word_1_91' title='bbox 1073 1885 1281 1960; x_wconf 90' lang='lat' dir='ltr'><strong>dimittimus</strong></span> <span class='ocrx_word' id='word_1_92' title='bbox 1297 1894 1333 1958; x_wconf 91' lang='lat' dir='ltr'><strong>et</strong></span> <span class='ocrx_word' id='word_1_93' title='bbox 1353 1885 1570 1980; x_wconf 79' lang='lat' dir='ltr'><strong>assignamus</strong></span> <span class='ocrx_word' id='word_1_94' title='bbox 1583 1890 1663 1979; x_wconf 82' lang='lat' dir='ltr'><strong>jura</strong></span> <span class='ocrx_word' id='word_1_95' title='bbox 1679 1906 1749 1980; x_wconf 91' lang='lat' dir='ltr'><strong>que</strong></span> <span class='ocrx_word' id='word_1_96' title='bbox 1766 1905 1813 1958; x_wconf 83' lang='lat' dir='ltr'><strong>ex</strong></span> <span class='ocrx_word' id='word_1_97' title='bbox 1827 1884 2042 1958; x_wconf 89' lang='lat' dir='ltr'><strong>absolutione</strong></span> 
     </span>
     <span class='ocr_line' id='line_1_11' title="bbox 633 2007 2041 2104; baseline -0.001 -22"><span class='ocrx_word' id='word_1_98' title='bbox 633 2011 898 2104; x_wconf 87' lang='lat' dir='ltr'><strong>proscriptorum</strong></span> <span class='ocrx_word' id='word_1_99' title='bbox 912 2009 1134 2103; x_wconf 87' lang='lat' dir='ltr'><strong>provenerint</strong></span> <span class='ocrx_word' id='word_1_100' title='bbox 1150 2030 1220 2102; x_wconf 90' lang='lat' dir='ltr'><strong>qne</strong></span> <span class='ocrx_word' id='word_1_101' title='bbox 1236 2009 1344 2104; x_wconf 76' lang='lat' dir='ltr'><strong>uulgo</strong></span> <span class='ocrx_word' id='word_1_102' title='bbox 1360 2008 1524 2082; x_wconf 88' lang='lat' dir='ltr'><strong>dicuntur</strong></span> <span class='ocrx_word' id='word_1_103' title='bbox 1532 2019 1651 2100; x_wconf 87' lang='lat' dir='ltr'><strong>wette,</strong></span> <span class='ocrx_word' id='word_1_104' title='bbox 1663 2030 1783 2082; x_wconf 92' lang='lat' dir='ltr'><strong>eorum</strong></span> <span class='ocrx_word' id='word_1_105' title='bbox 1798 2007 1981 2082; x_wconf 83' lang='lat' dir='ltr'><strong>dumtaxat</strong></span> <span class='ocrx_word' id='word_1_106' title='bbox 1992 2009 2041 2103; x_wconf 86' lang='lat' dir='ltr'><strong>(b)</strong></span> 
     </span>
     <span class='ocr_line' id='line_1_12' title="bbox 631 2131 2041 2226; baseline 0 -22"><span class='ocrx_word' id='word_1_107' title='bbox 631 2154 778 2226; x_wconf 91' lang='lat' dir='ltr'><strong>quorum</strong></span> <span class='ocrx_word' id='word_1_108' title='bbox 796 2154 900 2204; x_wconf 90' lang='lat' dir='ltr'><strong>cause</strong></span> <span class='ocrx_word' id='word_1_109' title='bbox 925 2153 1040 2205; x_wconf 89' lang='lat' dir='ltr'><strong>coram</strong></span> <span class='ocrx_word' id='word_1_110' title='bbox 1058 2153 1102 2205; x_wconf 92' lang='lat' dir='ltr'><strong>eo</strong></span> <span class='ocrx_word' id='word_1_111' title='bbox 1117 2140 1261 2206; x_wconf 88' lang='lat' dir='ltr'><strong>tractate</strong></span> <span class='ocrx_word' id='word_1_112' title='bbox 1276 2141 1358 2206; x_wconf 87' lang='lat' dir='ltr'><strong>sunt</strong></span> <span class='ocrx_word' id='word_1_113' title='bbox 1376 2142 1416 2206; x_wconf 92' lang='lat' dir='ltr'><strong>ut</strong></span> <span class='ocrx_word' id='word_1_114' title='bbox 1431 2133 1692 2205; x_wconf 89' lang='lat' dir='ltr'><strong>benevolentius</strong></span> <span class='ocrx_word' id='word_1_115' title='bbox 1705 2131 1838 2224; x_wconf 89' lang='lat' dir='ltr'><strong>judicet</strong></span> <span class='ocrx_word' id='word_1_116' title='bbox 1853 2142 1888 2204; x_wconf 90' lang='lat' dir='ltr'><strong>et</strong></span> <span class='ocrx_word' id='word_1_117' title='bbox 1910 2133 2041 2205; x_wconf 93' lang='lat' dir='ltr'><strong>anullo</strong></span> 
     </span>
     <span class='ocr_line' id='line_1_13' title="bbox 632 2255 2041 2354; baseline 0.003 -28"><span class='ocrx_word' id='word_1_118' title='bbox 632 2277 775 2328; x_wconf 89' lang='lat' dir='ltr'><strong>numera</strong></span> <span class='ocrx_word' id='word_1_119' title='bbox 788 2255 950 2349; x_wconf 79' lang='lat' dir='ltr'><strong>recipiat3</strong></span> <span class='ocrx_word' id='word_1_120' title='bbox 975 2277 1080 2349; x_wconf 90' lang='lat' dir='ltr'><strong>quam</strong></span> <span class='ocrx_word' id='word_1_121' title='bbox 1099 2277 1225 2352; x_wconf 89' lang='lat' dir='ltr'><strong>penam</strong></span> <span class='ocrx_word' id='word_1_122' title='bbox 1244 2256 1375 2328; x_wconf 92' lang='lat' dir='ltr'><strong>nemini</strong></span> <span class='ocrx_word' id='word_1_123' title='bbox 1391 2255 1572 2348; x_wconf 82' lang='lat' dir='ltr'><strong>relaxabit,</strong></span> <span class='ocrx_word' id='word_1_124' title='bbox 1592 2268 1631 2328; x_wconf 91' lang='lat' dir='ltr'><strong>ut</strong></span> <span class='ocrx_word' id='word_1_125' title='bbox 1647 2256 1804 2329; x_wconf 90' lang='lat' dir='ltr'><strong>homines</strong></span> <span class='ocrx_word' id='word_1_126' title='bbox 1816 2257 2041 2354; x_wconf 88' lang='lat' dir='ltr'><strong>proscriptio-</strong></span> 
     </span>
     <span class='ocr_line' id='line_1_14' title="bbox 632 2377 2040 2476; baseline 0.002 -27"><span class='ocrx_word' id='word_1_127' title='bbox 632 2400 711 2450; x_wconf 92' lang='lat' dir='ltr'><strong>nem</strong></span> <span class='ocrx_word' id='word_1_128' title='bbox 729 2379 845 2472; x_wconf 89' lang='lat' dir='ltr'><strong>potins</strong></span> <span class='ocrx_word' id='word_1_129' title='bbox 859 2379 1015 2450; x_wconf 89' lang='lat' dir='ltr'><strong>timeant.</strong></span> <span class='ocrx_word' id='word_1_130' title='bbox 1037 2377 1133 2451; x_wconf 87' lang='lat' dir='ltr'><strong>Idem</strong></span> <span class='ocrx_word' id='word_1_131' title='bbox 1152 2379 1294 2451; x_wconf 88' lang='lat' dir='ltr'><strong>babebit</strong></span> <span class='ocrx_word' id='word_1_132' title='bbox 1320 2379 1492 2451; x_wconf 90' lang='lat' dir='ltr'><strong>notarium</strong></span> <span class='ocrx_word' id='word_1_133' title='bbox 1515 2379 1699 2474; x_wconf 88' lang='lat' dir='ltr'><strong>specialem</strong></span> <span class='ocrx_word' id='word_1_134' title='bbox 1717 2379 1779 2476; x_wconf 89' lang='lat' dir='ltr'><strong>qui</strong></span> <span class='ocrx_word' id='word_1_135' title='bbox 1795 2379 1934 2454; x_wconf 89' lang='lat' dir='ltr'><strong>nomina</strong></span> <span class='ocrx_word' id='word_1_136' title='bbox 1953 2402 2040 2475; x_wconf 91' lang='lat' dir='ltr'><strong>pro·</strong></span> 
     </span>
     <span class='ocr_line' id='line_1_15' title="bbox 631 2474 2040 2598; baseline 0.002 -25"><span class='ocrx_word' id='word_1_137' title='bbox 631 2474 835 2596; x_wconf 79' lang='lat' dir='ltr'><strong>scriptorum</strong></span> <span class='ocrx_word' id='word_1_138' title='bbox 851 2503 977 2576; x_wconf 90' lang='lat' dir='ltr'><strong>scribet</strong></span> <span class='ocrx_word' id='word_1_139' title='bbox 992 2512 1028 2575; x_wconf 90' lang='lat' dir='ltr'><strong>et</strong></span> <span class='ocrx_word' id='word_1_140' title='bbox 1043 2511 1199 2576; x_wconf 91' lang='lat' dir='ltr'><strong>actorum</strong></span> <span class='ocrx_word' id='word_1_141' title='bbox 1215 2511 1252 2574; x_wconf 91' lang='lat' dir='ltr'><strong>et</strong></span> <span class='ocrx_word' id='word_1_142' title='bbox 1266 2503 1525 2598; x_wconf 85' lang='lat' dir='ltr'><strong>causamipsam</strong></span> <span class='ocrx_word' id='word_1_143' title='bbox 1539 2505 1614 2577; x_wconf 89' lang='lat' dir='ltr'><strong>eive</strong></span> <span class='ocrx_word' id='word_1_144' title='bbox 1632 2505 1806 2598; x_wconf 87' lang='lat' dir='ltr'><strong>querelam</strong></span> <span class='ocrx_word' id='word_1_145' title='bbox 1822 2512 1858 2578; x_wconf 89' lang='lat' dir='ltr'><strong>et</strong></span> <span class='ocrx_word' id='word_1_146' title='bbox 1868 2503 1959 2577; x_wconf 90' lang='lat' dir='ltr'><strong>diem</strong></span> <span class='ocrx_word' id='word_1_147' title='bbox 1969 2507 2040 2597; x_wconf 85' lang='lat' dir='ltr'><strong>qn&#39;o</strong></span> 
     </span>
     <span class='ocr_line' id='line_1_16' title="bbox 630 2627 2040 2723; baseline 0.001 -27"><span class='ocrx_word' id='word_1_148' title='bbox 630 2627 870 2720; x_wconf 88' lang='lat' dir='ltr'><strong>proscriptioni</strong></span> <span class='ocrx_word' id='word_1_149' title='bbox 892 2627 1133 2717; x_wconf 80' lang='lat' dir='ltr'><strong>involventur3</strong></span> <span class='ocrx_word' id='word_1_150' title='bbox 1158 2629 1240 2699; x_wconf 88' lang='lat' dir='ltr'><strong>item</strong></span> <span class='ocrx_word' id='word_1_151' title='bbox 1261 2627 1401 2701; x_wconf 88' lang='lat' dir='ltr'><strong>nomina</strong></span> <span class='ocrx_word' id='word_1_152' title='bbox 1423 2627 1657 2701; x_wconf 89' lang='lat' dir='ltr'><strong>absolutorum</strong></span> <span class='ocrx_word' id='word_1_153' title='bbox 1685 2651 1706 2700; x_wconf 89' lang='lat' dir='ltr'><strong>a</strong></span> <span class='ocrx_word' id='word_1_154' title='bbox 1735 2628 1983 2723; x_wconf 91' lang='lat' dir='ltr'><strong>proscriptione</strong></span> <span class='ocrx_word' id='word_1_155' title='bbox 2005 2637 2040 2700; x_wconf 91' lang='lat' dir='ltr'><strong>et</strong></span> 
     </span>
     <span class='ocr_line' id='line_1_17' title="bbox 629 2751 2036 2847; baseline 0.002 -26"><span class='ocrx_word' id='word_1_156' title='bbox 629 2752 755 2822; x_wconf 87' lang='lat' dir='ltr'><strong>actoris</strong></span> <span class='ocrx_word' id='word_1_157' title='bbox 776 2761 915 2846; x_wconf 88' lang='lat' dir='ltr'><strong>propter</strong></span> <span class='ocrx_word' id='word_1_158' title='bbox 936 2773 1040 2845; x_wconf 58' lang='lat' dir='ltr'><strong>mem</strong></span> <span class='ocrx_word' id='word_1_159' title='bbox 1062 2751 1244 2847; x_wconf 88' lang='lat' dir='ltr'><strong>proscripti</strong></span> <span class='ocrx_word' id='word_1_160' title='bbox 1264 2751 1421 2840; x_wconf 74' lang='lat' dir='ltr'><strong>sumunt,</strong></span> <span class='ocrx_word' id='word_1_161' title='bbox 1455 2773 1596 2824; x_wconf 88' lang='lat' dir='ltr'><strong>causam</strong></span> <span class='ocrx_word' id='word_1_162' title='bbox 1617 2761 1653 2824; x_wconf 88' lang='lat' dir='ltr'><strong>et</strong></span> <span class='ocrx_word' id='word_1_163' title='bbox 1676 2751 1769 2824; x_wconf 91' lang='lat' dir='ltr'><strong>diem</strong></span> <span class='ocrx_word' id='word_1_164' title='bbox 1793 2751 2036 2841; x_wconf 90' lang='lat' dir='ltr'><strong>absolutionis,</strong></span> 
     </span>
     <span class='ocr_line' id='line_1_18' title="bbox 630 2871 2039 2969; baseline 0.001 -23"><span class='ocrx_word' id='word_1_165' title='bbox 630 2871 872 2965; x_wconf 83' lang='lat' dir='ltr'><strong>fidejussorum</strong></span> <span class='ocrx_word' id='word_1_166' title='bbox 885 2875 1033 2948; x_wconf 89' lang='lat' dir='ltr'><strong>absoluti</strong></span> <span class='ocrx_word' id='word_1_167' title='bbox 1048 2874 1208 2966; x_wconf 88' lang='lat' dir='ltr'><strong>nomina,</strong></span> <span class='ocrx_word' id='word_1_168' title='bbox 1226 2875 1287 2969; x_wconf 92' lang='lat' dir='ltr'><strong>qni</strong></span> <span class='ocrx_word' id='word_1_169' title='bbox 1299 2875 1413 2946; x_wconf 89' lang='lat' dir='ltr'><strong>sintet</strong></span> <span class='ocrx_word' id='word_1_170' title='bbox 1425 2874 1522 2948; x_wconf 91' lang='lat' dir='ltr'><strong>unde</strong></span> <span class='ocrx_word' id='word_1_171' title='bbox 1533 2875 1619 2964; x_wconf 91' lang='lat' dir='ltr'><strong>sint,</strong></span> <span class='ocrx_word' id='word_1_172' title='bbox 1643 2875 1720 2948; x_wconf 88' lang='lat' dir='ltr'><strong>sive</strong></span> <span class='ocrx_word' id='word_1_173' title='bbox 1731 2875 1833 2947; x_wconf 89' lang='lat' dir='ltr'><strong>aliam</strong></span> <span class='ocrx_word' id='word_1_174' title='bbox 1845 2876 2039 2948; x_wconf 89' lang='lat' dir='ltr'><strong>cautionem</strong></span> 
     </span>
     <span class='ocr_line' id='line_1_19' title="bbox 628 2997 2040 3094; baseline 0.003 -26"><span class='ocrx_word' id='word_1_175' title='bbox 628 3019 735 3091; x_wconf 89' lang='lat' dir='ltr'><strong>quam</strong></span> <span class='ocrx_word' id='word_1_176' title='bbox 749 3007 877 3092; x_wconf 87' lang='lat' dir='ltr'><strong>prestat</strong></span> <span class='ocrx_word' id='word_1_177' title='bbox 889 2998 1123 3073; x_wconf 86' lang='lat' dir='ltr'><strong>absolvendus</strong></span> <span class='ocrx_word' id='word_1_178' title='bbox 1132 2999 1235 3091; x_wconf 82' lang='lat' dir='ltr'><strong>juxta</strong></span> <span class='ocrx_word' id='word_1_179' title='bbox 1253 2997 1537 3072; x_wconf 89' lang='lat' dir='ltr'><strong>consuetudinem</strong></span> <span class='ocrx_word' id='word_1_180' title='bbox 1552 3009 1717 3072; x_wconf 86' lang='lat' dir='ltr'><strong>terrarum</strong></span> <span class='ocrx_word' id='word_1_181' title='bbox 1736 3020 1799 3094; x_wconf 91' lang='lat' dir='ltr'><strong>pro</strong></span> <span class='ocrx_word' id='word_1_182' title='bbox 1811 2999 2040 3072; x_wconf 80' lang='lat' dir='ltr'><strong>satisfactione</strong></span> 
     </span>
     <span class='ocr_line' id='line_1_20' title="bbox 630 3121 2038 3216; baseline 0.001 -23"><span class='ocrx_word' id='word_1_183' title='bbox 630 3122 850 3216; x_wconf 86' lang='lat' dir='ltr'><strong>querelantis.</strong></span> <span class='ocrx_word' id='word_1_184' title='bbox 875 3121 972 3195; x_wconf 88' lang='lat' dir='ltr'><strong>Idem</strong></span> <span class='ocrx_word' id='word_1_185' title='bbox 992 3122 1135 3216; x_wconf 84' lang='lat' dir='ltr'><strong>recipiet</strong></span> <span class='ocrx_word' id='word_1_186' title='bbox 1155 3121 1285 3194; x_wconf 88' lang='lat' dir='ltr'><strong>litteras</strong></span> <span class='ocrx_word' id='word_1_187' title='bbox 1305 3123 1518 3196; x_wconf 91' lang='lat' dir='ltr'><strong>continentes</strong></span> <span class='ocrx_word' id='word_1_188' title='bbox 1534 3123 1693 3216; x_wconf 86' lang='lat' dir='ltr'><strong>querelas</strong></span> <span class='ocrx_word' id='word_1_189' title='bbox 1711 3133 1745 3194; x_wconf 92' lang='lat' dir='ltr'><strong>et</strong></span> <span class='ocrx_word' id='word_1_190' title='bbox 1757 3121 1921 3195; x_wconf 89' lang='lat' dir='ltr'><strong>servabit.</strong></span> <span class='ocrx_word' id='word_1_191' title='bbox 1944 3121 2038 3194; x_wconf 90' lang='lat' dir='ltr'><strong>ldem</strong></span> 
     </span>
     <span class='ocr_line' id='line_1_21' title="bbox 631 3246 2038 3341; baseline -0.001 -23"><span class='ocrx_word' id='word_1_192' title='bbox 631 3247 762 3319; x_wconf 89' lang='lat' dir='ltr'><strong>nullam</strong></span> <span class='ocrx_word' id='word_1_193' title='bbox 774 3247 876 3320; x_wconf 89' lang='lat' dir='ltr'><strong>aliam</strong></span> <span class='ocrx_word' id='word_1_194' title='bbox 890 3267 1007 3318; x_wconf 89' lang='lat' dir='ltr'><strong>curam</strong></span> <span class='ocrx_word' id='word_1_195' title='bbox 1020 3247 1242 3341; x_wconf 77' lang='lat' dir='ltr'><strong>negociorum</strong></span> <span class='ocrx_word' id='word_1_196' title='bbox 1256 3246 1513 3320; x_wconf 75' lang='lat' dir='ltr'><strong>cunehabebit.</strong></span> <span class='ocrx_word' id='word_1_197' title='bbox 1525 3247 1621 3320; x_wconf 90' lang='lat' dir='ltr'><strong>ldem</strong></span> <span class='ocrx_word' id='word_1_198' title='bbox 1633 3247 1759 3319; x_wconf 86' lang='lat' dir='ltr'><strong>scribet</strong></span> <span class='ocrx_word' id='word_1_199' title='bbox 1771 3247 1910 3318; x_wconf 91' lang='lat' dir='ltr'><strong>uomina</strong></span> <span class='ocrx_word' id='word_1_200' title='bbox 1920 3267 2038 3318; x_wconf 92' lang='lat' dir='ltr'><strong>eorum</strong></span> 
     </span>
     <span class='ocr_line' id='line_1_22' title="bbox 632 3368 2039 3465; baseline -0.003 -24"><span class='ocrx_word' id='word_1_201' title='bbox 632 3371 693 3464; x_wconf 89' lang='lat' dir='ltr'><strong>qui</strong></span> <span class='ocrx_word' id='word_1_202' title='bbox 719 3379 927 3443; x_wconf 87' lang='lat' dir='ltr'><strong>accusantur</strong></span> <span class='ocrx_word' id='word_1_203' title='bbox 947 3369 1006 3441; x_wconf 88' lang='lat' dir='ltr'><strong>vel</strong></span> <span class='ocrx_word' id='word_1_204' title='bbox 1031 3369 1284 3444; x_wconf 89' lang='lat' dir='ltr'><strong>denunciantur</strong></span> <span class='ocrx_word' id='word_1_205' title='bbox 1303 3379 1466 3465; x_wconf 86' lang='lat' dir='ltr'><strong>tanquam</strong></span> <span class='ocrx_word' id='word_1_206' title='bbox 1493 3369 1608 3442; x_wconf 89' lang='lat' dir='ltr'><strong>nocivi</strong></span> <span class='ocrx_word' id='word_1_207' title='bbox 1634 3379 1741 3456; x_wconf 88' lang='lat' dir='ltr'><strong>terre,</strong></span> <span class='ocrx_word' id='word_1_208' title='bbox 1765 3379 1800 3440; x_wconf 89' lang='lat' dir='ltr'><strong>et</strong></span> <span class='ocrx_word' id='word_1_209' title='bbox 1812 3368 1987 3440; x_wconf 78' lang='lat' dir='ltr'><strong>infamiam</strong></span> <span class='ocrx_word' id='word_1_210' title='bbox 2003 3377 2039 3440; x_wconf 91' lang='lat' dir='ltr'><strong>et</strong></span> 
     </span>
     <span class='ocr_line' id='line_1_23' title="bbox 631 3489 2038 3589; baseline -0.003 -23"><span class='ocrx_word' id='word_1_211' title='bbox 631 3513 749 3566; x_wconf 91' lang='lat' dir='ltr'><strong>eornm</strong></span> <span class='ocrx_word' id='word_1_212' title='bbox 769 3489 909 3566; x_wconf 93' lang='lat' dir='ltr'><strong>nomina</strong></span> <span class='ocrx_word' id='word_1_213' title='bbox 930 3492 1075 3588; x_wconf 60' lang='lat' dir='ltr'><strong>wando</strong></span> <span class='ocrx_word' id='word_1_214' title='bbox 1097 3514 1119 3565; x_wconf 91' lang='lat' dir='ltr'><strong>a</strong></span> <span class='ocrx_word' id='word_1_215' title='bbox 1143 3494 1342 3589; x_wconf 90' lang='lat' dir='ltr'><strong>suspicione</strong></span> <span class='ocrx_word' id='word_1_216' title='bbox 1364 3495 1593 3566; x_wconf 82' lang='lat' dir='ltr'><strong>absolvuntur</strong></span> <span class='ocrx_word' id='word_1_217' title='bbox 1615 3493 1757 3567; x_wconf 90' lang='lat' dir='ltr'><strong>delebit.</strong></span> <span class='ocrx_word' id='word_1_218' title='bbox 1792 3491 1887 3564; x_wconf 91' lang='lat' dir='ltr'><strong>ldem</strong></span> <span class='ocrx_word' id='word_1_219' title='bbox 1914 3491 2038 3563; x_wconf 89' lang='lat' dir='ltr'><strong>scribet</strong></span> 
     </span>
     <span class='ocr_line' id='line_1_24' title="bbox 631 3615 2037 3709; baseline -0.004 -19"><span class='ocrx_word' id='word_1_220' title='bbox 631 3639 752 3690; x_wconf 89' lang='lat' dir='ltr'><strong>omnes</strong></span> <span class='ocrx_word' id='word_1_221' title='bbox 763 3617 951 3690; x_wconf 89' lang='lat' dir='ltr'><strong>sententias</strong></span> <span class='ocrx_word' id='word_1_222' title='bbox 961 3638 1077 3690; x_wconf 87' lang='lat' dir='ltr'><strong>coram</strong></span> <span class='ocrx_word' id='word_1_223' title='bbox 1092 3617 1192 3690; x_wconf 91' lang='lat' dir='ltr'><strong>nobis</strong></span> <span class='ocrx_word' id='word_1_224' title='bbox 1205 3617 1243 3688; x_wconf 93' lang='lat' dir='ltr'><strong>in</strong></span> <span class='ocrx_word' id='word_1_225' title='bbox 1257 3617 1445 3709; x_wconf 87' lang='lat' dir='ltr'><strong>majoribus</strong></span> <span class='ocrx_word' id='word_1_226' title='bbox 1460 3617 1572 3690; x_wconf 87' lang='lat' dir='ltr'><strong>causis</strong></span> <span class='ocrx_word' id='word_1_227' title='bbox 1589 3616 1765 3706; x_wconf 88' lang='lat' dir='ltr'><strong>inventas,</strong></span> <span class='ocrx_word' id='word_1_228' title='bbox 1784 3615 1938 3687; x_wconf 83' lang='lat' dir='ltr'><strong>manime</strong></span> <span class='ocrx_word' id='word_1_229' title='bbox 1955 3635 2037 3686; x_wconf 90' lang='lat' dir='ltr'><strong>con·</strong></span> 
     </span>
     <span class='ocr_line' id='line_1_25' title="bbox 631 3739 2037 3834; baseline -0.003 -22"><span class='ocrx_word' id='word_1_230' title='bbox 631 3739 830 3813; x_wconf 89' lang='lat' dir='ltr'><strong>tradictorio</strong></span> <span class='ocrx_word' id='word_1_231' title='bbox 844 3741 979 3833; x_wconf 87' lang='lat' dir='ltr'><strong>jndicio</strong></span> <span class='ocrx_word' id='word_1_232' title='bbox 1001 3741 1175 3832; x_wconf 84' lang='lat' dir='ltr'><strong>obtentas,</strong></span> <span class='ocrx_word' id='word_1_233' title='bbox 1203 3763 1275 3834; x_wconf 84' lang='lat' dir='ltr'><strong>que</strong></span> <span class='ocrx_word' id='word_1_234' title='bbox 1294 3741 1401 3833; x_wconf 76' lang='lat' dir='ltr'><strong>vulgo</strong></span> <span class='ocrx_word' id='word_1_235' title='bbox 1424 3742 1586 3814; x_wconf 92' lang='lat' dir='ltr'><strong>dicuntur</strong></span> <span class='ocrx_word' id='word_1_236' title='bbox 1610 3740 1781 3830; x_wconf 76' lang='lat' dir='ltr'><strong>gesamint</strong></span> <span class='ocrx_word' id='word_1_237' title='bbox 1801 3739 1920 3830; x_wconf 86' lang='lat' dir='ltr'><strong>urteil,</strong></span> <span class='ocrx_word' id='word_1_238' title='bbox 1949 3748 1987 3808; x_wconf 93' lang='lat' dir='ltr'><strong>nt</strong></span> <span class='ocrx_word' id='word_1_239' title='bbox 2002 3739 2037 3808; x_wconf 92' lang='lat' dir='ltr'><strong>in</strong></span> 
     </span>
     <span class='ocr_line' id='line_1_26' title="bbox 632 3863 2037 3959; baseline -0.001 -24"><span class='ocrx_word' id='word_1_240' title='bbox 632 3873 806 3959; x_wconf 84' lang='lat' dir='ltr'><strong>posterum</strong></span> <span class='ocrx_word' id='word_1_241' title='bbox 819 3865 856 3934; x_wconf 91' lang='lat' dir='ltr'><strong>in</strong></span> <span class='ocrx_word' id='word_1_242' title='bbox 869 3864 1007 3936; x_wconf 86' lang='lat' dir='ltr'><strong>casibus</strong></span> <span class='ocrx_word' id='word_1_243' title='bbox 1020 3865 1191 3936; x_wconf 88' lang='lat' dir='ltr'><strong>similibus</strong></span> <span class='ocrx_word' id='word_1_244' title='bbox 1204 3865 1414 3958; x_wconf 82' lang='lat' dir='ltr'><strong>ambiguitas</strong></span> <span class='ocrx_word' id='word_1_245' title='bbox 1430 3863 1662 3955; x_wconf 86' lang='lat' dir='ltr'><strong>rescindetur,</strong></span> <span class='ocrx_word' id='word_1_246' title='bbox 1685 3883 1851 3958; x_wconf 87' lang='lat' dir='ltr'><strong>expressa</strong></span> <span class='ocrx_word' id='word_1_247' title='bbox 1870 3871 1961 3933; x_wconf 82' lang='lat' dir='ltr'><strong>terra</strong></span> <span class='ocrx_word' id='word_1_248' title='bbox 1978 3882 2037 3933; x_wconf 87' lang='lat' dir='ltr'><strong>se-</strong></span> 
     </span>
     <span class='ocr_line' id='line_1_27' title="bbox 631 3987 2037 4082; baseline -0.005 -21"><span class='ocrx_word' id='word_1_249' title='bbox 631 3987 785 4062; x_wconf 89' lang='lat' dir='ltr'><strong>cundum</strong></span> <span class='ocrx_word' id='word_1_250' title='bbox 806 3989 1092 4063; x_wconf 87' lang='lat' dir='ltr'><strong>consuetudinem</strong></span> <span class='ocrx_word' id='word_1_251' title='bbox 1107 3992 1206 4082; x_wconf 88' lang='lat' dir='ltr'><strong>cujus</strong></span> <span class='ocrx_word' id='word_1_252' title='bbox 1221 3989 1464 4061; x_wconf 88' lang='lat' dir='ltr'><strong>sententiatum</strong></span> <span class='ocrx_word' id='word_1_253' title='bbox 1477 3990 1552 4061; x_wconf 89' lang='lat' dir='ltr'><strong>erit.</strong></span> <span class='ocrx_word' id='word_1_254' title='bbox 1574 3987 1669 4060; x_wconf 92' lang='lat' dir='ltr'><strong>Idem</strong></span> <span class='ocrx_word' id='word_1_255' title='bbox 1690 3987 1755 4059; x_wconf 90' lang='lat' dir='ltr'><strong>erit</strong></span> <span class='ocrx_word' id='word_1_256' title='bbox 1773 3987 1883 4057; x_wconf 89' lang='lat' dir='ltr'><strong>laicus</strong></span> <span class='ocrx_word' id='word_1_257' title='bbox 1899 3994 2037 4080; x_wconf 89' lang='lat' dir='ltr'><strong>propter</strong></span> 
     </span>
     <span class='ocr_line' id='line_1_28' title="bbox 630 4107 2035 4208; baseline -0.006 -22"><span class='ocrx_word' id='word_1_258' title='bbox 630 4113 818 4186; x_wconf 73' lang='lat' dir='ltr'><strong>metendos</strong></span> <span class='ocrx_word' id='word_1_259' title='bbox 833 4115 1043 4206; x_wconf 79' lang='lat' dir='ltr'><strong>sanguinum</strong></span> <span class='ocrx_word' id='word_1_260' title='bbox 1069 4133 1159 4208; x_wconf 87' lang='lat' dir='ltr'><strong>quas</strong></span> <span class='ocrx_word' id='word_1_261' title='bbox 1182 4113 1307 4186; x_wconf 89' lang='lat' dir='ltr'><strong>clerico</strong></span> <span class='ocrx_word' id='word_1_262' title='bbox 1329 4113 1479 4185; x_wconf 88' lang='lat' dir='ltr'><strong>scribere</strong></span> <span class='ocrx_word' id='word_1_263' title='bbox 1498 4133 1567 4184; x_wconf 93' lang='lat' dir='ltr'><strong>non</strong></span> <span class='ocrx_word' id='word_1_264' title='bbox 1589 4112 1685 4201; x_wconf 89' lang='lat' dir='ltr'><strong>licet,</strong></span> <span class='ocrx_word' id='word_1_265' title='bbox 1712 4123 1749 4182; x_wconf 91' lang='lat' dir='ltr'><strong>et</strong></span> <span class='ocrx_word' id='word_1_266' title='bbox 1773 4119 1926 4202; x_wconf 87' lang='lat' dir='ltr'><strong>preterea</strong></span> <span class='ocrx_word' id='word_1_267' title='bbox 1945 4107 2035 4178; x_wconf 89' lang='lat' dir='ltr'><strong>utsi</strong></span> 
     </span>
     <span class='ocr_line' id='line_1_29' title="bbox 631 4227 2037 4332; baseline -0.005 -24"><span class='ocrx_word' id='word_1_268' title='bbox 631 4236 801 4330; x_wconf 87' lang='lat' dir='ltr'><strong>delinquit</strong></span> <span class='ocrx_word' id='word_1_269' title='bbox 816 4237 852 4307; x_wconf 92' lang='lat' dir='ltr'><strong>in</strong></span> <span class='ocrx_word' id='word_1_270' title='bbox 870 4237 1069 4324; x_wconf 81' lang='lat' dir='ltr'><strong>officiosus,</strong></span> <span class='ocrx_word' id='word_1_271' title='bbox 1089 4257 1181 4332; x_wconf 88' lang='lat' dir='ltr'><strong>pena</strong></span> <span class='ocrx_word' id='word_1_272' title='bbox 1196 4235 1313 4309; x_wconf 90' lang='lat' dir='ltr'><strong>debita</strong></span> <span class='ocrx_word' id='word_1_273' title='bbox 1330 4235 1504 4332; x_wconf 85' lang='lat' dir='ltr'><strong>puniatur.</strong></span> <span class='ocrx_word' id='word_1_274' title='bbox 1523 4236 1607 4308; x_wconf 88' lang='lat' dir='ltr'><strong>ltem</strong></span> <span class='ocrx_word' id='word_1_275' title='bbox 1622 4235 1855 4325; x_wconf 91' lang='lat' dir='ltr'><strong>juramentum</strong></span> <span class='ocrx_word' id='word_1_276' title='bbox 1873 4227 2037 4325; x_wconf 89' lang='lat' dir='ltr'><strong>prostabit</strong></span> 
     </span>
     <span class='ocr_line' id='line_1_30' title="bbox 631 4355 2037 4458; baseline -0.006 -24"><span class='ocrx_word' id='word_1_277' title='bbox 631 4359 824 4434; x_wconf 88' lang='lat' dir='ltr'><strong>secundum</strong></span> <span class='ocrx_word' id='word_1_278' title='bbox 837 4363 979 4433; x_wconf 91' lang='lat' dir='ltr'><strong>lormam</strong></span> <span class='ocrx_word' id='word_1_279' title='bbox 988 4361 1176 4454; x_wconf 88' lang='lat' dir='ltr'><strong>juramenti</strong></span> <span class='ocrx_word' id='word_1_280' title='bbox 1187 4362 1335 4454; x_wconf 91' lang='lat' dir='ltr'><strong>qualiter</strong></span> <span class='ocrx_word' id='word_1_281' title='bbox 1343 4359 1390 4458; x_wconf 85' lang='lat' dir='ltr'><strong>(c)</strong></span> <span class='ocrx_word' id='word_1_282' title='bbox 1402 4361 1614 4453; x_wconf 88' lang='lat' dir='ltr'><strong>justiciarius</strong></span> <span class='ocrx_word' id='word_1_283' title='bbox 1630 4359 1723 4448; x_wconf 87' lang='lat' dir='ltr'><strong>lacit,</strong></span> <span class='ocrx_word' id='word_1_284' title='bbox 1737 4368 1772 4431; x_wconf 90' lang='lat' dir='ltr'><strong>et</strong></span> <span class='ocrx_word' id='word_1_285' title='bbox 1782 4357 1879 4452; x_wconf 91' lang='lat' dir='ltr'><strong>quod</strong></span> <span class='ocrx_word' id='word_1_286' title='bbox 1891 4355 2037 4430; x_wconf 87' lang='lat' dir='ltr'><strong>fideliter</strong></span> 
     </span>
    </p>
   </div>
   <div class='ocr_carea' id='block_1_3' title="bbox 667 4667 1153 4963">
    <p class='ocr_par' dir='ltr' id='par_1_3' title="bbox 667 4667 1153 4963">
     <span class='ocr_line' id='line_1_31' title="bbox 672 4667 984 4750; baseline -0.003 -18"><span class='ocrx_word' id='word_1_287' title='bbox 672 4670 714 4749; x_wconf 78' lang='lat' dir='ltr'><strong>(a)</strong></span> <span class='ocrx_word' id='word_1_288' title='bbox 735 4671 816 4732; x_wconf 76' lang='lat' dir='ltr'><strong>ntro</strong></span> <span class='ocrx_word' id='word_1_289' title='bbox 828 4667 984 4750; x_wconf 60' lang='lat' dir='ltr'><strong>adipson</strong></span> 
     </span>
     <span class='ocr_line' id='line_1_32' title="bbox 672 4774 1153 4856; baseline 0 -20"><span class='ocrx_word' id='word_1_290' title='bbox 672 4776 713 4856; x_wconf 84' lang='lat' dir='ltr'><strong>(b)</strong></span> <span class='ocrx_word' id='word_1_291' title='bbox 734 4777 817 4838; x_wconf 77' lang='lat' dir='ltr'><strong>Alias</strong></span> <span class='ocrx_word' id='word_1_292' title='bbox 830 4774 939 4838; x_wconf 78' lang='lat' dir='ltr'><strong>cosdem</strong></span> <span class='ocrx_word' id='word_1_293' title='bbox 952 4781 1053 4848; x_wconf 73' lang='lat' dir='ltr'><strong>meat,</strong></span> <span class='ocrx_word' id='word_1_294' title='bbox 1069 4776 1153 4837; x_wconf 86' lang='lat' dir='ltr'><strong>malr.</strong></span> 
     </span>
     <span class='ocr_line' id='line_1_33' title="bbox 667 4879 989 4963; baseline 0.009 -21"><span class='ocrx_word' id='word_1_295' title='bbox 667 4884 702 4963; x_wconf 85' lang='lat' dir='ltr'><strong>(c)</strong></span> <span class='ocrx_word' id='word_1_296' title='bbox 722 4884 779 4961; x_wconf 77' lang='lat' dir='ltr'><strong>Ap.</strong></span> <span class='ocrx_word' id='word_1_297' title='bbox 797 4883 891 4944; x_wconf 74' lang='lat' dir='ltr'><strong>iliter</strong></span> <span class='ocrx_word' id='word_1_298' title='bbox 903 4879 989 4962; x_wconf 77' lang='lat' dir='ltr'><strong>quod.</strong></span> 
     </span>
    </p>
   </div>
   <div class='ocr_carea' id='block_1_4' title="bbox 0 0 2434 6359">
    <p class='ocr_par' dir='ltr' id='par_1_4' title="bbox 0 0 2434 6359">
     <span class='ocr_line' id='line_1_34' title="bbox 0 0 2434 6359; baseline 0 0"><span class='ocrx_word' id='word_1_299' title='bbox 0 0 2434 6359; x_wconf 95' lang='lat' dir='ltr'><strong> </strong></span> 
     </span>
    </p>
   </div>
  </div>
 </body>
</html>
