4859 6359
420 779 518 842 lenrcr.
534 777 581 856 9.]
868 775 1066 840 HISTORIA
1089 775 1382 842 steneneslca
1766 778 1829 842 825

470 911 670 1006 Gregorius,
689 931 810 984 servus
830 931 1007 984 servorum
1026 912 1109 1003 Dei,
1126 921 1209 1003 etc,
1225 911 1429 1004 Frederioe,
1452 920 1519 984 etc.
1538 910 1626 984 Olim
1642 911 1744 985 nobis
1761 913 1827 986 im·

422 1036 560 1131 perialis
578 1033 781 1108 excellentie
799 1033 920 1107 litteris
940 1036 1145 1130 presentatis
1165 1037 1201 1108 in
1221 1037 1350 1132 quibas
1371 1037 1589 1108 intercetera
1607 1036 1740 1129 quade
1767 1047 1828 1112 tuo

422 1181 584 1256 processu
609 1156 794 1253 magnifico
816 1159 1053 1247 narrabantur,
1084 1161 1179 1233 venit
1203 1161 1239 1232 in
1267 1159 1421 1234 medium
1444 1157 1542 1254 quod
1564 1157 1610 1232 de
1632 1159 1826 1257 principum

420 1283 564 1358 solemni
583 1283 725 1357 consilio
743 1303 846 1378 snper
861 1283 999 1377 negotio
1013 1283 1218 1359 Lombardie
1231 1293 1267 1357 te
1278 1285 1410 1380 precise
1426 1283 1464 1354 in
1480 1283 1639 1356 manibus
1658 1284 1824 1376 Ecclesia,

418 1409 519 1499 juxta
546 1405 781 1502 compromissi
806 1407 948 1478 lormam
966 1428 1071 1500 quam
1095 1429 1118 1480 a
1144 1417 1178 1480 te
1203 1408 1396 1502 recepimus
1420 1407 1456 1478 in
1475 1406 1638 1497 Thornia,
1660 1429 1824 1502 poneres,

421 1530 469 1601 ita
487 1539 605 1601 tamen
623 1527 718 1622 quod
735 1529 910 1622 negotium
925 1529 1038 1625 ipsum
1054 1529 1101 1602 ad
1118 1529 1282 1603 honorem
1296 1539 1393 1602 tuum
1409 1538 1445 1602 et
1458 1530 1593 1626 imperii
1607 1531 1829 1605 commodum

424 1675 536 1746 usque
553 1651 599 1726 ad
617 1653 775 1748 proximo
798 1653 957 1748 proterite
975 1653 1167 1726 Natiuitatis
1185 1653 1357 1727 dominice
1374 1653 1559 1727 terminum
1579 1655 1825 1749 compleretur;

424 1775 577 1870 alioquin
592 1797 639 1848 ex
654 1786 736 1848 tunc
751 1797 796 1850 ne
813 1777 877 1848 tibi
891 1786 925 1848 et
939 1776 1154 1872 principibus
1172 1777 1272 1849 solita
1287 1777 1402 1850 illusio
1417 1776 1515 1850 fieret
1528 1799 1588 1872 per
1602 1779 1826 1871 lombardos,

425 1900 534 1973 velles
558 1922 639 1972 cum
665 1900 819 1972 exercitu
844 1911 957 1996 partes
985 1899 1121 1994 ingredi
1145 1899 1367 1991 Lcmbardie3
1391 1900 1475 1996 quia
1497 1901 1535 1972 in
1560 1900 1693 1974 eisdem
1712 1903 1831 1976 litteris

426 2025 504 2096 talis
519 2021 634 2096 extitit
655 2023 790 2117 adjecta
807 2023 960 2098 conditio
976 2045 1039 2119 per
1057 2045 1162 2119 quam
1186 2024 1469 2118 compromissum
1494 2023 1630 2118 penitus
1652 2026 1833 2098 tollebatur

425 2155 461 2220 et
478 2155 609 2220 tantum
627 2169 696 2220 non
713 2147 899 2222 videbatur
916 2168 1017 2242 posse
1035 2144 1212 2240 negotium
1227 2147 1419 2238 terminari,
1439 2145 1602 2220 videlicet
1621 2147 1701 2220 cita
1714 2157 1829 2222 tamen

426 2270 522 2366 quod
545 2271 660 2368 ipsum
687 2271 863 2366 negotium
889 2269 935 2344 ad
960 2269 1125 2344 honorem
1151 2279 1249 2342 tuum
1273 2281 1309 2344 et
1333 2269 1468 2365 imperii
1496 2270 1715 2343 commodum
1744 2273 1834 2347 inira

427 2393 558 2468 dictum
574 2397 700 2468 festum
717 2393 912 2468 Natiuitatis
924 2392 1097 2466 dominice
1113 2393 1390 2488 compleretur»,
1408 2414 1471 2468 nos
1482 2393 1720 2467 excellentiam
1737 2405 1831 2468 tuam

427 2517 522 2613 quod
540 2540 645 2614 super
665 2516 788 2592 eodem
812 2519 949 2613 negotio
966 2527 1000 2590 te
1013 2519 1117 2610 juxta
1138 2525 1359 2590 memoratam
1383 2517 1526 2591 formam
1549 2517 1681 2613 precise
1701 2529 1736 2592 et
1759 2522 1835 2594 sino

428 2642 624 2716 conditione
655 2642 772 2737 aliqua
809 2641 1042 2740 inmanibus
1075 2641 1227 2714 Ecclesia
1254 2661 1399 2736 poneres
1435 2662 1497 2736 per
1527 2639 1692 2714 dilectum
1725 2642 1836 2716 filium

428 2767 471 2840 Η.
499 2767 701 2862 magistrum
731 2766 910 2863 hospitalis
939 2768 1061 2840 Sancte
1092 2765 1198 2838 Marie
1224 2764 1512 2838 Tbeutonicorum
1539 2765 1685 2839 lecimus
1711 2766 1839 2840 admo-

429 2892 505 2966 neri
522 2890 589 2988 (l),
610 2893 670 2988 qui
689 2892 735 2964 ob
756 2891 792 2964 id
814 2889 861 2964 ad
879 2913 942 2964 nos
963 2914 984 2964 a
1004 2900 1064 2964 tua
1083 2890 1289 2962 excellentia
1316 2888 1506 2962 destinatus
1531 2887 1597 2984 (2),
1623 2891 1705 2984 quia
1733 2893 1836 2964 Lom-

429 3013 529 3088 bardi
560 3015 692 3087 diutins
718 3017 889 3110 expectati
916 3014 1057 3086 nuntios
1084 3034 1165 3088 suos
1187 3013 1276 3086 inira
1301 3012 1485 3086 terminum
1501 3012 1569 3084 sibi
1590 3011 1709 3084 datum
1733 3036 1838 3110 super

426 3137 496 3210 lrcc
520 3137 565 3210 ad
590 3146 738 3210 nostram
768 3137 972 3232 presentiam
997 3158 1066 3210 non
1084 3135 1269 3228 miserunt,
1293 3134 1386 3209 dicto
1408 3135 1546 3230 negotio
1564 3135 1762 3230 imperfecte
1780 3160 1838 3211 re·

429 3260 543 3333 cessit.
570 3259 724 3354 Cumque
753 3259 842 3332 inira
875 3281 1003 3356 paucos
1033 3258 1107 3352 (lies¹
1140 3267 1218 3354 pest
1240 3258 1349 3353 ipsius
1382 3279 1554 3331 recessum
1586 3258 1839 3335 ambassatores

428 3381 700 3456 Lombardorum
721 3381 766 3454 ad
785 3382 910 3456 Sedem
934 3382 1163 3478 Apostolicam
1181 3380 1383 3455 accedentes
1403 3403 1443 3454 se
1464 3381 1617 3474 legitimo
1643 3383 1750 3456 luisse
1768 3384 1835 3455 im-

431 3507 630 3604 pedimento
651 3507 808 3582 detentos
823 3505 965 3582 firmiter
981 3515 1171 3581 assererent
1190 3515 1225 3578 ct
1241 3527 1280 3579 se
1296 3505 1342 3580 ad
1359 3507 1702 3602 compromittentium
1718 3509 1754 3579 in
1772 3531 1837 3583 nos

436 3630 568 3726 precise
582 3638 718 3725 paratos
732 3629 904 3721 offerrent,
921 3652 984 3704 nos
999 3631 1173 3725 cupientes
1188 3630 1283 3725 pacis
1290 3628 1511 3704 commodum
1525 3652 1721 3726 procurare,
1737 3654 1837 3705 ccm-

435 3754 638 3848 promissum
659 3753 851 3849 predictum
865 3755 1057 3849 recepimus
1074 3761 1108 3826 et
1123 3755 1293 3849 prefatum
1311 3750 1512 3846 magistrum
1527 3753 1573 3826 ad
1590 3775 1654 3827 nos
1671 3754 1840 3830 duximus

434 3871 683 3945 revocandum.
705 3872 771 3957 Qui
795 3873 1001 3946 transmissis
1023 3872 1069 3946 ad
1091 3893 1153 3946 nce
1175 3872 1296 3946 litteris
1310 3871 1406 3966 quod
1423 3873 1543 3965 jussus
1561 3894 1583 3945 a
1601 3881 1636 3946 te
1651 3875 1841 3968 cogebatur

434 3994 509 4068 sine
530 4015 627 4068 mora
644 3995 776 4087 venire,
795 3994 841 4074 ad
865 4004 959 4068 tuam
986 3995 1190 4091 presentiam
1208 4003 1262 4068 est
1277 4015 1450 4069 reversus.
1469 3997 1637 4082 Quocirca
1657 3997 1841 4070 excellen-

437 4118 518 4190 tiam
536 4127 630 4190 tuam
644 4117 833 4212 rogandam
849 4117 1016 4192 duximus
1027 4119 1190 4192 attentius
1205 4129 1239 4194 et
1251 4117 1455 4193 hortandam
1468 4129 1638 4214 quatenus
1653 4121 1836 4216 prudenter

436 4238 621 4314 advertens
638 4239 732 4335 quod
749 4240 794 4313 nd
813 4241 1009 4313 instantiam
1023 4252 1138 4331 tuam,
1157 4241 1202 4315 de
1224 4241 1367 4314 consilio
1385 4243 1528 4317 fratrum
1545 4251 1756 4336 ncstmrum,
1776 4265 1841 4337 pa-

436 4363 660 4437 triarcharum
676 4361 782 4436 trium
799 4376 832 4437 et
850 4366 1056 4462 prelatorum
1075 4367 1231 4440 omnium
1248 4369 1308 4462 qui
1326 4375 1423 4440 erant
1441 4365 1536 4462 apud
1550 4365 1675 4439 Sedem
1693 4367 1841 4461 Aposto-

474 4689 512 4763 (l)
529 4687 570 4746 ct.
584 4703 681 4764 supra,
695 4705 724 4764 p.
738 4692 791 4748 ute
805 4697 833 4749 et
846 4699 901 4751 not.
917 4700 942 4752 t.

473 4789 513 4860 (Ξ)
528 4787 620 4846 lleuse
631 4787 769 4846 novembri
780 4790 841 4846 anni
851 4791 1032 4866 praecedentis
1041 4793 1209 4850 dermannus
1218 4791 1246 4848 iu
1256 4789 1330 4850 ouria
1339 4789 1507 4865 imperatoris
1516 4789 1587 4865 apud
1598 4789 1843 4864 Augustamadhuc

437 4886 601 4946 morabatur.
612 4885 696 4944 -ct
710 4901 802 4961 supra,
816 4905 843 4963 p.
856 4889 921 4949 lte.

536 4987 591 5049 Ν.
610 5001 664 5046 rm
676 4999 699 5044 a.
1632 4996 1690 5050 10⁴
