4859 6359
602 755 662 815 '152
1098 751 1316 814 l‘ltlltlllllcl
1339 750 1514 812 sactum
1833 756 1901 820 llas.
1922 759 2007 821 lats

650 892 794 985 Signum
820 891 951 963 domini
984 890 1135 964 Heinrici
1159 889 1250 963 sexti
1285 889 1512 962 Romanorum
1539 889 1753 984 imperatoris
1776 889 2006 966 invictissimi.

602 1014 890 1112 (Menoprcmmu.)

649 1140 725 1234 Ego
740 1139 903 1212 Ditberus
914 1137 1104 1232 imperialis
1120 1134 1199 1210 aule
1214 1134 1461 1224 cancellarius,
1478 1133 1557 1208 viee
1569 1133 1719 1232 Philippi
1735 1135 1946 1210 coloniensis
1960 1159 2012 1210 ur·

602 1261 809 1358 chiepisoopi
828 1272 864 1335 et
875 1261 972 1334 ltalia
985 1258 1297 1349 archicancellarii,
1317 1254 1516 1352 recognovi.

650 1384 831 1458 Actasuut
844 1385 910 1458 bec
925 1405 1018 1458 anno
1041 1382 1214 1457 dominice
1237 1379 1481 1454 incarnationis
1505 1379 1656 1473 lllCXCl,
1686 1379 1876 1456 indictione
1900 1383 2009 1470 Vllll,

602 1519 768 1601 regnante
777 1506 1431 1581 dominoHeinrieoscxtollomanorum
1440 1503 1911 1599 imperatoregloriosissimu,
1923 1529 2014 1580 anno

602 1631 702 1725 regni
720 1632 795 1722 eJ'us
808 1631 925 1720 XXII,
953 1630 1088 1725 imperii
1105 1649 1189 1702 veru
1206 1627 1330 1722 primo.

651 1755 776 1826 Datum
794 1754 890 1848 apud
902 1753 1083 1848 Neapolim
1099 1774 1161 1848 per
1178 1771 1322 1824 manum
1341 1751 1492 1828 Heinriei
1509 1751 1750 1846 protonotarii,
1774 1751 1836 1825 XV
1849 1751 2014 1826 kalendas

601 1879 697 1970 julii,
716 1877 870 1949 feliciter.
891 1875 1016 1948 Amen.

653 2001 723 2072 Nos
740 2001 846 2093 igitur
861 2000 935 2073 suis
952 1999 1261 2095 supplicationibus
1280 1999 1466 2094 benignius
1477 1995 1649 2089 inclinati,
1676 1997 1892 2072 attendentes
1910 1999 2013 2074 tidem

605 2133 641 2198 et
661 2123 881 2199 devotionem
904 2122 1073 2194 sincerum
1095 2122 1207 2217 ipsius
1234 2122 1369 2195 abbatis
1399 2143 1504 2216 quam
1524 2119 1571 2193 ad
1593 2119 1832 2197 celsitudinem
1864 2133 2014 2197 nostram

606 2234 728 2339 babet,
746 2245 905 2319 abbatem
921 2247 1097 2337 eumdem,
1115 2267 1331 2320 successores
1340 2246 1430 2338 ejus,
1446 2243 1797 2318 monachosetomuiu
1805 2245 1897 2318 bona
1909 2245 2017 2342 ipsius

606 2369 806 2444 monasterii
822 2391 893 2463 que
909 2369 1003 2461 juste
1024 2368 1178 2465 possidet
1200 2369 1238 2440 in
1261 2369 1412 2465 presenti
1433 2379 1469 2441 et
1492 2369 1648 2442 inantea
1668 2369 1763 2461 justo
1779 2370 1876 2444 titulo
1895 2372 2018 2466 poterit

607 2493 771 2590 adipisci,
802 2493 869 2564 sub
889 2493 1032 2588 speciali
1053 2503 1171 2565 nostru
1193 2503 1228 2565 et
1254 2493 1389 2588 imperii
1417 2492 1628 2588 protectione
1650 2493 1865 2587 recepimns;
1896 2515 2017 2589 supre-

607 2617 774 2712 ecriptnm
789 2637 929 2710 quoque
942 2615 1163 2711 privilegium
1180 2615 1289 2710 patris
1303 2615 1409 2687 nostri
1422 2615 1571 2711 presenti
1589 2615 1771 2710 privilegiu
1785 2615 1829 2689 de
1848 2618 1957 2690 verbo
1970 2619 2018 2692 ad

606 2741 754 2813 verbum
775 2739 879 2811 inseri
888 2739 1070 2831 jussimus,
1090 2737 1295 2831 omniaque
1315 2738 1531 2810 continentur
1553 2739 1590 2810 in
1606 2759 1648 2811 eo
1672 2740 1884 2813 auctoritatis
1904 2751 2018 2816 nostre

606 2865 797 2936 munimine
822 2861 1077 2937 confirmantes.
1103 2861 1293 2934 statuimus
1319 2861 1425 2954 igitur
1448 2870 1483 2934 et
1507 2861 1676 2956 imperiali
1708 2863 1882 2935 sancimus
1904 2864 2018 2938 edictu

606 2987 771 3082 quatinus
784 2987 879 3060 nulla
895 3007 1042 3082 persone
1056 2987 1123 3058 alte
1137 2986 1193 3058 rel
1206 2985 1360 3075 humilis,
1374 2985 1604 3058 ecclesiastica
1618 2985 1674 3057 vcl
1685 2987 1867 3078 secularis,
1883 2987 2018 3082 predic·

607 3123 682 3185 tum
694 3112 953 3203 monasterium,
972 3111 1145 3200 abbatem,
1162 3129 1378 3182 successores
1392 3110 1423 3201 ej
1428 3129 1482 3198 us,
1497 3109 1684 3182 monachos
1694 3119 1729 3182 et
1740 3109 1897 3184 homines
1910 3112 2019 3206 ipsius

570 3204 583 3228 χ
610 3235 807 3309 monasterii
824 3244 941 3306 eontra
959 3233 1128 3328 presentis
1144 3233 1367 3329 protectionis
1383 3241 1418 3304 et
1436 3229 1702 3305 confirmationis
1725 3244 1841 3306 nostre
1865 3243 2018 3307 tenorem

609 3379 714 3454 snper
723 3357 899 3452 aliquibus
907 3379 996 3430 ausu
1009 3356 1190 3430 temerario
1200 3357 1381 3428 molestare
1389 3364 1576 3451 presumat.
1588 3354 1690 3440 Quod
1702 3357 1762 3451 qui
1776 3359 2020 3452 presumpserit

608 3491 723 3577 preter
740 3502 866 3576 penam
884 3479 1066 3575 privilegiu
1084 3477 1287 3574 supradicto
1311 3479 1521 3574 appositam,
1549 3489 1687 3552 centum
1717 3479 1823 3553 libras
1846 3482 1923 3553 auri
1941 3483 2019 3575 puri

612 3615 807 3698 componat,
834 3601 1020 3674 medietate
1044 3600 1128 3674 {iseo
1143 3610 1279 3693 nostro,
1302 3601 1437 3695 relique
1450 3600 1542 3676 dicto
1557 3603 1762 3676 monastario
1778 3602 2016 3698 persolvenda.

610 3727 666 3800 Ad
679 3727 908 3820 hujusitaque
921 3723 1190 3798 confirmationis
1205 3734 1321 3797 nostre
1339 3726 1581 3798 memoriamct
1599 3727 1706 3798 robur
1717 3736 1881 3821 perpetuu
1894 3727 2019 3800 valitu-

610 3873 702 3940 rum,
716 3871 857 3945 presens
867 3849 1088 3944 privilegium
1100 3847 1174 3922 lieri
1188 3857 1224 3920 et
1234 3849 1330 3920 bulla
1346 3869 1451 3924 aurea
1463 3849 1599 3945 typario
1617 3857 1732 3922 nostre
1747 3851 1934 3942 majestatis
1947 3849 2019 3921 im·

611 3995 730 4069 pressa
740 3973 906 4066 jussimus
920 3971 1136 4045 communiri.

659 4098 772 4188 Hujus
793 4097 843 4168 rei
868 4104 970 4170 testes
994 4105 1076 4168 sunt
1103 4122 1113 4166 ε
1145 4147 1155 4167 .
1185 4149 1196 4167 .
1226 4150 1234 4168 .
1264 4095 1512 4187 Maguntiuus,
1542 4149 1551 4168 .
1584 4150 1592 4166 .
1625 4149 1634 4166 .
1662 4095 1897 4185 Coloniensis,
1928 4149 1937 4166 .
1968 4149 1977 4166 .
2008 4147 2016 4166 .

611 4221 831 4294 Treuerensis
847 4229 881 4292 et
908 4275 917 4292 .
948 4273 958 4290 .
989 4273 999 4291 .
1026 4219 1278 4293 Bisuntiueusis
1292 4218 1560 4314 archiepiscopi,
1590 4272 1600 4291 .
1631 4273 1641 4290 .
1672 4273 1682 4290 .
1709 4219 2018 4310 babinbergensis,

614 4401 623 4417 .
656 4398 665 4414 .
697 4399 705 4416 .
734 4343 1026 4434 Constantiensis,
1063 4396 1111 4414 ..
1144 4341 1483 4436 .Hyldesemensis,
1525 4397 1535 4414 .
1566 4393 1576 4412 .
1607 4393 1617 4413 .
1645 4341 1843 4415 leodiensis
1865 4351 1901 4413 et
1927 4395 1936 4412 .
1967 4395 1977 4412 .
2009 4395 2017 4412 .

612 4468 865 4541 Cameracensis
879 4467 1051 4563 episcopi,
1071 4467 1175 4540 frater
1185 4467 1230 4538 Η.
1251 4467 1413 4559 magister
1424 4465 1603 4562 hospitalis
1619 4465 1744 4537 Sancte
1760 4465 1867 4538 llario
1877 4465 2022 4537 Theutu·

612 4592 769 4662 nieorum
786 4591 824 4663 iu
839 4591 1052 4679 Jerusalem,
1081 4644 1090 4661 .
1122 4641 1132 4660 .
1163 4641 1174 4662 .
1201 4589 1278 4662 dux
1298 4589 1459 4664 Bawerie
1475 4589 1645 4684 palatinus
1660 4609 1774 4661 comes
1794 4589 1897 4680 lleni,
1927 4641 1936 4659 .
1968 4641 1978 4660 .
2009 4643 2018 4658 .

614 4714 690 4789 dux
717 4713 912 4806 Karintbie,
952 4711 1002 4787 ,ς
1033 4765 1043 4786 .
1076 4711 1152 4786 dux
1182 4713 1383 4804 Brabantie,
1423 4767 1432 4784 .
1463 4767 1473 4787 .
1504 4766 1514 4784 .
1543 4711 1619 4786 dux
1651 4713 1887 4806 lothoringie,
1927 4766 1936 4783 .
1968 4767 1978 4784 .
2010 4766 2016 4782 .

614 4837 828 4928 lantgravius
841 4837 1029 4932 Thuringie
1041 4837 1215 4933 palatinus
1228 4813 1344 4911 comes
1361 4812 1531 4928 Saxonis,
1554 4889 1564 4904 .
1595 4889 1604 4909 .
1632 4889 1642 4909 .
1662 4835 1812 4909 marchio
1826 4836 1872 4910 da
1881 4834 2018 4926 Buden,
