4859 6359
448 833 540 892 lanrcr.
556 825 601 910 9.]
893 819 1090 882 distollit
1115 816 1408 879 clamitantes.
1796 815 1856 877 '165

447 964 616 1053 inclinati,
636 959 849 1034 attendentes
865 959 925 1050 jus
938 958 1120 1052 antiquum
1139 965 1293 1028 nostrum
1313 961 1348 1025 ot
1369 951 1504 1046 imperii
1527 972 1599 1045 quo
1618 951 1854 1046 progenitores

446 1088 549 1162 nostri
572 1083 683 1158 felicis
697 1082 861 1156 memorie
878 1081 1068 1177 cappellam
1086 1079 1195 1176 ipsam
1206 1095 1209 1102 ’
1221 1073 1421 1150 immediate
1435 1083 1470 1146 et
1481 1073 1589 1146 libere
1607 1072 1848 1168 possederunt,

443 1210 656 1287 libertatibus
678 1209 783 1282 etiam
804 1205 1127 1308 ipsiusldiligenter
1155 1200 1340 1298 inspectis,
1369 1198 1573 1272 sententiam
1596 1197 1707 1293 ipsam
1731 1205 1851 1294 utpote

437 1339 567 1428 justam
596 1333 763 1408 duximus
791 1328 1081 1420 confirmandam
1117 1324 1277 1399 fidelitati
1303 1331 1418 1397 vestre
1446 1320 1650 1394 mandantes
1679 1331 1852 1415 quatenus

438 1461 556 1532 nullus
569 1458 614 1530 sit
628 1457 690 1551 qui
707 1464 825 1528 contra
841 1463 996 1526 tenorem
1021 1449 1178 1544 ejusdem
1203 1445 1433 1520 sententiede
1450 1444 1574 1518 eadem
1597 1445 1751 1538 cappella
1772 1465 1851 1538 pre·

433 1589 556 1656 sumat
584 1578 718 1674 aliquid
741 1585 956 1671 attemptare.
984 1573 1147 1668 Alioquin
1173 1570 1446 1665 indignationem
1471 1578 1622 1641 nostram
1650 1589 1688 1640 se
1718 1566 1853 1640 noverit

434 1707 675 1778 incursurum.

490 1830 615 1902 Datum
633 1826 847 1920 Hagenowo,
867 1843 960 1895 nono
974 1819 1190 1918 septembris,
1211 1838 1305 1891 nona
1320 1815 1519 1890 indictione.

493 2389 733 2498 fridericus,
772 2389 1032 2474 Romanorum
1072 2387 1298 2497 imperator,
1338 2386 1517 2470 Conrado
1555 2386 1761 2500 burgravio
1804 2393 1854 2476 de
1896 2423 2034 2530 pm.

426 2518 664 2632 Nureuberg
689 2532 727 2605 et
755 2520 984 2604 haeredibus
1001 2517 1084 2630 ejus
1102 2521 1332 2628 emptionem
1356 2520 1470 2602 castri
1496 2519 1723 2631 Vimsbcrg‚
1747 2523 1853 2632 quod
2024 2510 2030 2522 ’

431 2652 634 2736 Gotlridus
670 2653 718 2735 de
753 2651 974 2736 Hohenloch
1002 2651 1247 2736 aLudcwico
1273 2653 1323 2734 de
1348 2651 1558 2761 Virusberg
1594 2677 1664 2760 pro
1693 2679 1851 2738 recom-

434 2786 658 2892 pensatione
675 2785 830 2892 damui‚
849 2811 918 2896 per
935 2785 1112 2868 eumdem
1131 2785 1204 2868 sibi
1222 2784 1339 2890 illati,
1354 2796 1565 2894 receperat,
1580 2785 1794 2870 coufirmat.

520 2987 619 3069 (lidlt.
633 3003 683 3064 ap.
698 2988 945 3065 massanum,
966 2983 1094 3066 diplom.
1112 2987 1234 3046 dormire
1252 2983 1301 3044 der
1321 2982 1406 3044 tao.
1420 2981 1556 3058 Redeat„
1579 2991 1602 3047 t.
1619 2986 1653 3059 1,
1677 3004 1708 3064 p.
1723 2997 1794 3052 too.
1808 3021 1849 3038 -

558 3093 698 3167 Ouum,
717 3091 811 3154 Gerrlr.
827 3091 880 3154 der
892 3095 1033 3174 amqqr„
1047 3099 1071 3153 t.
1087 3091 1117 3167 1,
1132 3111 1164 3171 p.
1180 3100 1251 3153 292.
1262 3124 1303 3136 —
1314 3090 1846 3168 smuu,11uror.12randono.,cod.

557 3201 693 3278 diplom,
712 3217 742 3278 p.
760 3209 797 3260 ra
806 3243 816 3274 ‚
834 3207 868 3260 n·
881 3209 931 3260 stt.
944 3231 985 3244 -
997 3199 1129 3260 nonum.
1145 3197 1239 3272 Boio..
1252 3203 1276 3258 t.
1291 3197 1395 3271 XXX,
1410 3215 1442 3274 p.
1456 3206 1528 3268 aas,
1549 3214 1634 3258 num.
1649 3198 1846 3268 DCCXXXV.

556 3337 598 3352 -
616 3307 807 3380 Smnnrnmu,
831 3305 963 3365 Monam.
985 3301 1104 3379 Zoller„
1124 3312 1197 3365 tom.
1213 3304 1244 3380 1,
1259 3321 1290 3382 p.
1307 3312 1357 3363 to.
1371 3333 1413 3348 -
1426 3303 1578 3380 originale
1602 3303 1789 3381 desumptum
1812 3324 1850 3367 ex

557 3411 677 3474 archivo
690 3412 755 3474 ord.
770 3413 917 3474 Tbeutou.
933 3413 1126 3473 commendas
1138 3411 1318 3488 Vlrnsborg‚
1333 3415 1416 3471 extat
1435 3412 1468 3469 tu
1489 3409 1583 3470 tabul.
1606 3411 1738 3484 Monac..
1759 3415 1848 3491 sipil-

557 3519 679 3598 lumque
698 3520 730 3578 ln
743 3520 824 3578 omnl
837 3534 890 3580 ora
902 3518 1015 3579 laesum
1028 3517 1174 3596 appendet
1186 3533 1225 3578 ex
1237 3515 1296 3578 dlls
1309 3519 1410 3578 sericis
1420 3515 1494 3578 llnvl
1507 3517 1623 3578 colorls.
1633 3516 1680 3578 Cl.
1689 3515 1848 3582 maon

558 3623 669 3686 Brund.
680 3621 971 3707 omrputicmcesrd„
987 3633 1038 3698 aa,
1053 3619 1077 3703 S
1090 3631 1140 3696 6⁵,
1155 3627 1187 3684 ct
1199 3623 1327 3702 Anhang
1341 3631 1505 3698 πωπω.
1524 3622 1606 3701 ttv.)

486 3811 695 3900 Fridericus,
721 3811 783 3884 Dei
808 3811 919 3906 gratia
940 3812 1169 3884 Romanorum
1188 3810 1376 3905 imperator
1389 3831 1525 3906 semper
1537 3819 1723 3904 angustus,
1745 3813 1845 3885 Jeru-

439 3936 543 4008 salem
558 3945 593 4009 et
608 3935 735 4031 Sycilie
752 3956 831 4006 rex.
849 3935 913 4008 Per
926 3957 1066 4030 presens
1083 3934 1248 4030 scriptum
1264 3945 1385 4008 notum
1404 3934 1550 4006 lecimus
1566 3935 1738 4010 universis
1750 3937 1846 4032 quod

439 4057 617 4132 Cnuradus
631 4059 839 4152 burgravius
858 4059 903 4132 de
919 4059 1133 4151 Nurenbcrc,
1149 4059 1297 4132 dilectus
1310 4056 1422 4131 fidelis
1435 4067 1563 4149 noster,
1581 4059 1617 4130 iu
1629 4069 1746 4134 nostra
1764 4083 1844 4156 pre·

438 4182 547 4254 sentia
569 4183 774 4255 constitutus
797 4192 912 4254 nostre
933 4182 1129 4256 celsitudini
1152 4182 1363 4277 supplicavit
1387 4180 1585 4275 quodcum
1609 4183 1685 4278 ipse
1706 4184 1846 4257 emisset

437 4305 633 4378 aGotfrido
651 4306 697 4379 de
713 4305 912 4378 Hobenloeb
940 4304 1035 4378 fideli
1063 4315 1179 4378 nostro
1207 4316 1359 4379 castrum
1384 4306 1600 4401 Vimesperc,
1629 4305 1725 4398 quod
1749 4305 1842 4378 idem

436 4427 611 4504 Gotlridus
636 4451 698 4526 pro
718 4429 1035 4524 recompensatione
1058 4428 1199 4525 dampni
1225 4450 1247 4501 a
1269 4428 1458 4503 Ludewico
1480 4427 1525 4501 dc
1547 4429 1751 4523 Vimesperc
1776 4429 1844 4503 sibi

437 4553 519 4626 illati
548 4553 674 4626 endem
703 4552 893 4627 Ludewioo
919 4551 1129 4626 concedente
1149 4551 1195 4626 de
1219 4562 1335 4625 nostra
1353 4553 1490 4626 licentia
1512 4553 1624 4625 luerat
1646 4563 1841 4646 assecutus,

438 4697 500 4750 nos
516 4677 758 4750 vendicionem
775 4677 888 4772 ipsam
908 4686 1018 4748 ratem
1036 4676 1182 4767 habere,
1199 4686 1235 4750 ot
1257 4675 1388 4748 dictum
1409 4685 1558 4748 castrum
1582 4678 1661 4748 cum
1683 4679 1846 4752 omuibus

432 4799 579 4892 justiciis
603 4809 639 4873 et
663 4800 855 4874 rationibus
878 4801 952 4874 suis
975 4799 1042 4872 sibi
1065 4810 1101 4873 et
1124 4799 1312 4873 heredibus
1335 4800 1409 4872 suis
1432 4798 1637 4873 conlirmare
1663 4801 1709 4874 de
1731 4811 1847 4875 nostra

437 4922 547 5013 gratia
574 4920 814 5016 dignaremur.
839 4924 909 4996 Nus
930 4923 1037 5017 igitur
1065 4923 1139 4996 suis
1164 4923 1474 5020 supplicationibus
1495 4924 1727 4999 favorabiliter
1749 4926 1849 4999 incli-
