<?xml version="1.0" encoding="UTF-8"?>
<!DOCTYPE html PUBLIC "-//W3C//DTD XHTML 1.0 Transitional//EN"
    "http://www.w3.org/TR/xhtml1/DTD/xhtml1-transitional.dtd">
<html xmlns="http://www.w3.org/1999/xhtml" xml:lang="en" lang="en">
 <head>
  <title>
</title>
<meta http-equiv="Content-Type" content="text/html;charset=utf-8" />
  <meta name='ocr-system' content='tesseract 3.04.00' />
  <meta name='ocr-capabilities' content='ocr_page ocr_carea ocr_par ocr_line ocrx_word'/>
</head>
<body>
  <div class='ocr_page' id='page_1' title='image "./historiadiploma05fredgoog_0229.png"; bbox 0 0 4859 6359; ppageno 0'>
   <div class='ocr_carea' id='block_1_1' title="bbox 435 739 1839 833">
    <p class='ocr_par' dir='ltr' id='par_1_1' title="bbox 435 739 1839 833">
     <span class='ocr_line' id='line_1_1' title="bbox 435 739 1839 833; baseline -0.012 -15"><span class='ocrx_word' id='word_1_1' title='bbox 435 759 532 818; x_wconf 72' lang='lat' dir='ltr'>lumen</span> <span class='ocrx_word' id='word_1_2' title='bbox 549 753 593 833; x_wconf 84' lang='grc'>9.]</span> <span class='ocrx_word' id='word_1_3' title='bbox 883 745 1079 809; x_wconf 79' lang='lat' dir='ltr'>HISTORIA</span> <span class='ocrx_word' id='word_1_4' title='bbox 1103 745 1397 810; x_wconf 74' lang='lat' dir='ltr'>nleuotlllutctt</span> <span class='ocrx_word' id='word_1_5' title='bbox 1781 739 1839 801; x_wconf 89' lang='lat' dir='ltr'>&#39;l&#39;ll</span> 
     </span>
    </p>
   </div>
   <div class='ocr_carea' id='block_1_2' title="bbox 436 874 1843 1599">
    <p class='ocr_par' dir='ltr' id='par_1_2' title="bbox 436 874 1843 1599">
     <span class='ocr_line' id='line_1_2' title="bbox 436 874 1840 978; baseline -0.014 -14"><span class='ocrx_word' id='word_1_6' title='bbox 436 896 561 964; x_wconf 88' lang='lat' dir='ltr'>sumat.</span> <span class='ocrx_word' id='word_1_7' title='bbox 579 883 681 973; x_wconf 83' lang='lat' dir='ltr'>Quod</span> <span class='ocrx_word' id='word_1_8' title='bbox 694 882 756 978; x_wconf 88' lang='lat' dir='ltr'>qni</span> <span class='ocrx_word' id='word_1_9' title='bbox 775 882 1019 978; x_wconf 76' lang='lat' dir='ltr'>presumpserit</span> <span class='ocrx_word' id='word_1_10' title='bbox 1041 881 1312 978; x_wconf 79' lang='lat' dir='ltr'>indignationem</span> <span class='ocrx_word' id='word_1_11' title='bbox 1329 889 1482 955; x_wconf 88' lang='lat' dir='ltr'>nostram</span> <span class='ocrx_word' id='word_1_12' title='bbox 1506 901 1545 952; x_wconf 91' lang='lat' dir='ltr'>se</span> <span class='ocrx_word' id='word_1_13' title='bbox 1559 875 1695 951; x_wconf 82' lang='lat' dir='ltr'>noverit</span> <span class='ocrx_word' id='word_1_14' title='bbox 1718 874 1840 946; x_wconf 91' lang='lat' dir='ltr'>incur-</span> 
     </span>
     <span class='ocr_line' id='line_1_3' title="bbox 436 1001 1842 1099; baseline -0.012 -13"><span class='ocrx_word' id='word_1_15' title='bbox 436 1033 566 1086; x_wconf 90' lang='lat' dir='ltr'>surum.</span> <span class='ocrx_word' id='word_1_16' title='bbox 583 1007 640 1082; x_wconf 79' lang='lat' dir='ltr'>ld</span> <span class='ocrx_word' id='word_1_17' title='bbox 658 1005 758 1098; x_wconf 87' lang='lat' dir='ltr'>cnjus</span> <span class='ocrx_word' id='word_1_18' title='bbox 773 1003 993 1099; x_wconf 87' lang='lat' dir='ltr'>protectionis</span> <span class='ocrx_word' id='word_1_19' title='bbox 1008 1013 1123 1078; x_wconf 82' lang='lat' dir='ltr'>nostre</span> <span class='ocrx_word' id='word_1_20' title='bbox 1137 1005 1341 1078; x_wconf 77' lang='lat' dir='ltr'>memoriam</span> <span class='ocrx_word' id='word_1_21' title='bbox 1355 1012 1391 1077; x_wconf 92' lang='lat' dir='ltr'>et</span> <span class='ocrx_word' id='word_1_22' title='bbox 1409 1003 1514 1076; x_wconf 88' lang='lat' dir='ltr'>robur</span> <span class='ocrx_word' id='word_1_23' title='bbox 1530 1001 1568 1072; x_wconf 93' lang='lat' dir='ltr'>in</span> <span class='ocrx_word' id='word_1_24' title='bbox 1583 1007 1758 1093; x_wconf 88' lang='lat' dir='ltr'>posterum</span> <span class='ocrx_word' id='word_1_25' title='bbox 1773 1019 1842 1070; x_wconf 90' lang='lat' dir='ltr'>va·</span> 
     </span>
     <span class='ocr_line' id='line_1_4' title="bbox 437 1121 1843 1227; baseline -0.011 -19"><span class='ocrx_word' id='word_1_26' title='bbox 437 1137 594 1225; x_wconf 86' lang='lat' dir='ltr'>litorum,</span> <span class='ocrx_word' id='word_1_27' title='bbox 624 1148 765 1227; x_wconf 76' lang='lat' dir='ltr'>presens</span> <span class='ocrx_word' id='word_1_28' title='bbox 796 1127 963 1223; x_wconf 85' lang='lat' dir='ltr'>scriptum</span> <span class='ocrx_word' id='word_1_29' title='bbox 989 1126 1065 1201; x_wconf 90' lang='lat' dir='ltr'>lieri</span> <span class='ocrx_word' id='word_1_30' title='bbox 1099 1137 1135 1201; x_wconf 90' lang='lat' dir='ltr'>et</span> <span class='ocrx_word' id='word_1_31' title='bbox 1158 1127 1272 1222; x_wconf 75' lang='lat' dir='ltr'>sigilio</span> <span class='ocrx_word' id='word_1_32' title='bbox 1299 1126 1485 1219; x_wconf 85' lang='lat' dir='ltr'>majestatis</span> <span class='ocrx_word' id='word_1_33' title='bbox 1523 1133 1638 1197; x_wconf 89' lang='lat' dir='ltr'>nostre</span> <span class='ocrx_word' id='word_1_34' title='bbox 1676 1121 1843 1214; x_wconf 79' lang='lat' dir='ltr'>iussimus</span> 
     </span>
     <span class='ocr_line' id='line_1_5' title="bbox 438 1279 1840 1473; baseline -0.011 -18"><span class='ocrx_word' id='word_1_35' title='bbox 438 1279 609 1454; x_wconf 51' lang='grc' dir='ltr'>Ἤιᾚ</span> <span class='ocrx_word' id='word_1_36' title='bbox 624 1376 719 1472; x_wconf 92' lang='lat' dir='ltr'>apud</span> <span class='ocrx_word' id='word_1_37' title='bbox 734 1379 954 1473; x_wconf 70' lang='lat' dir='ltr'>degeneras,</span> <span class='ocrx_word' id='word_1_38' title='bbox 977 1395 1069 1447; x_wconf 90' lang='lat' dir='ltr'>anno</span> <span class='ocrx_word' id='word_1_39' title='bbox 1084 1373 1257 1446; x_wconf 89' lang='lat' dir='ltr'>dominice</span> <span class='ocrx_word' id='word_1_40' title='bbox 1273 1371 1517 1446; x_wconf 77' lang='lat' dir='ltr'>incarnationis</span> <span class='ocrx_word' id='word_1_41' title='bbox 1532 1370 1580 1442; x_wconf 86' lang='grc' dir='ltr'>Μ·</span> <span class='ocrx_word' id='word_1_42' title='bbox 1594 1369 1658 1443; x_wconf 82' lang='lat' dir='ltr'>CC⁰</span> <span class='ocrx_word' id='word_1_43' title='bbox 1668 1368 1777 1441; x_wconf 81' lang='lat' dir='ltr'>XXX⁰</span> <span class='ocrx_word' id='word_1_44' title='bbox 1788 1367 1840 1458; x_wconf 76' lang='lat' dir='ltr'>V,</span> 
     </span>
     <span class='ocr_line' id='line_1_6' title="bbox 439 1497 1128 1599; baseline -0.015 -19"><span class='ocrx_word' id='word_1_45' title='bbox 439 1527 556 1580; x_wconf 91' lang='lat' dir='ltr'>mense</span> <span class='ocrx_word' id='word_1_46' title='bbox 568 1503 791 1599; x_wconf 89' lang='lat' dir='ltr'>septembris,</span> <span class='ocrx_word' id='word_1_47' title='bbox 811 1519 902 1574; x_wconf 90' lang='lat' dir='ltr'>none</span> <span class='ocrx_word' id='word_1_48' title='bbox 918 1497 1128 1573; x_wconf 81' lang='lat' dir='ltr'>indictionis.</span> 
     </span>
    </p>
   </div>
   <div class='ocr_carea' id='block_1_3' title="bbox 686 1786 1602 1804">
    <p class='ocr_par' dir='ltr' id='par_1_3' title="bbox 686 1786 1602 1804">
     <span class='ocr_line' id='line_1_7' title="bbox 686 1786 1602 1804; baseline -0.003 -2"><span class='ocrx_word' id='word_1_49' title='bbox 686 1786 1602 1804; x_wconf 56' lang='lat' dir='ltr'>mm</span> 
     </span>
    </p>
   </div>
   <div class='ocr_carea' id='block_1_4' title="bbox 445 2049 1994 2827">
    <p class='ocr_par' dir='ltr' id='par_1_4' title="bbox 445 2049 1994 2827">
     <span class='ocr_line' id='line_1_8' title="bbox 497 2049 1994 2166; baseline -0.004 -28"><span class='ocrx_word' id='word_1_50' title='bbox 497 2053 701 2163; x_wconf 85' lang='lat' dir='ltr'>Gregorius</span> <span class='ocrx_word' id='word_1_51' title='bbox 719 2079 820 2166; x_wconf 88' lang='lat' dir='ltr'>papa</span> <span class='ocrx_word' id='word_1_52' title='bbox 836 2053 1071 2140; x_wconf 83' lang='lat' dir='ltr'>Fridericum</span> <span class='ocrx_word' id='word_1_53' title='bbox 1089 2055 1357 2166; x_wconf 86' lang='lat' dir='ltr'>imperatorem</span> <span class='ocrx_word' id='word_1_54' title='bbox 1374 2061 1504 2136; x_wconf 91' lang='lat' dir='ltr'>monet</span> <span class='ocrx_word' id='word_1_55' title='bbox 1521 2049 1731 2162; x_wconf 87' lang='lat' dir='ltr'>iniquitatis</span> <span class='ocrx_word' id='word_1_56' title='bbox 1749 2050 1847 2135; x_wconf 93' lang='lat' dir='ltr'>lilios</span> <span class='ocrx_word' id='word_1_57' title='bbox 1919 2069 1994 2112; x_wconf 65' lang='lat' dir='ltr'>mar</span> 
     </span>
     <span class='ocr_line' id='line_1_9' title="bbox 445 2183 1846 2298; baseline -0.004 -28"><span class='ocrx_word' id='word_1_58' title='bbox 445 2186 509 2298; x_wconf 92' lang='lat' dir='ltr'>qui</span> <span class='ocrx_word' id='word_1_59' title='bbox 538 2214 618 2271; x_wconf 93' lang='lat' dir='ltr'>non</span> <span class='ocrx_word' id='word_1_60' title='bbox 648 2187 788 2272; x_wconf 82' lang='lat' dir='ltr'>uellent</span> <span class='ocrx_word' id='word_1_61' title='bbox 809 2187 1018 2272; x_wconf 82' lang='lat' dir='ltr'>Ecclesiam</span> <span class='ocrx_word' id='word_1_62' title='bbox 1048 2187 1208 2298; x_wconf 84' lang='lat' dir='ltr'>imperio</span> <span class='ocrx_word' id='word_1_63' title='bbox 1230 2187 1352 2296; x_wconf 86' lang='lat' dir='ltr'>uniri,</span> <span class='ocrx_word' id='word_1_64' title='bbox 1380 2185 1549 2270; x_wconf 88' lang='lat' dir='ltr'>occultes</span> <span class='ocrx_word' id='word_1_65' title='bbox 1576 2209 1753 2294; x_wconf 86' lang='lat' dir='ltr'>spargere</span> <span class='ocrx_word' id='word_1_66' title='bbox 1773 2183 1846 2266; x_wconf 90' lang='lat' dir='ltr'>lit-</span> 
     </span>
     <span class='ocr_line' id='line_1_10' title="bbox 446 2317 1849 2432; baseline -0.006 -26"><span class='ocrx_word' id='word_1_67' title='bbox 446 2336 541 2406; x_wconf 87' lang='lat' dir='ltr'>teras</span> <span class='ocrx_word' id='word_1_68' title='bbox 570 2347 669 2432; x_wconf 89' lang='lat' dir='ltr'>quas</span> <span class='ocrx_word' id='word_1_69' title='bbox 699 2321 747 2404; x_wconf 92' lang='lat' dir='ltr'>de</span> <span class='ocrx_word' id='word_1_70' title='bbox 774 2319 1004 2404; x_wconf 87' lang='lat' dir='ltr'>conscientia</span> <span class='ocrx_word' id='word_1_71' title='bbox 1031 2319 1173 2404; x_wconf 90' lang='lat' dir='ltr'>summi</span> <span class='ocrx_word' id='word_1_72' title='bbox 1198 2319 1387 2432; x_wconf 89' lang='lat' dir='ltr'>pontilicis</span> <span class='ocrx_word' id='word_1_73' title='bbox 1413 2317 1645 2402; x_wconf 88' lang='lat' dir='ltr'>mendaciter</span> <span class='ocrx_word' id='word_1_74' title='bbox 1676 2328 1849 2400; x_wconf 88' lang='lat' dir='ltr'>asserunt</span> 
     </span>
     <span class='ocr_line' id='line_1_11' title="bbox 446 2449 1849 2562; baseline -0.002 -28"><span class='ocrx_word' id='word_1_75' title='bbox 446 2477 640 2558; x_wconf 73' lang='lat' dir='ltr'>emanare,</span> <span class='ocrx_word' id='word_1_76' title='bbox 673 2454 768 2536; x_wconf 92' lang='lat' dir='ltr'>dum</span> <span class='ocrx_word' id='word_1_77' title='bbox 799 2451 1034 2536; x_wconf 83' lang='lat' dir='ltr'>collaterales</span> <span class='ocrx_word' id='word_1_78' title='bbox 1065 2451 1305 2562; x_wconf 89' lang='lat' dir='ltr'>imperatoris</span> <span class='ocrx_word' id='word_1_79' title='bbox 1329 2451 1474 2534; x_wconf 83' lang='lat' dir='ltr'>litteras</span> <span class='ocrx_word' id='word_1_80' title='bbox 1499 2475 1654 2560; x_wconf 90' lang='lat' dir='ltr'>quoque</span> <span class='ocrx_word' id='word_1_81' title='bbox 1682 2449 1849 2559; x_wconf 84' lang='lat' dir='ltr'>dirigant</span> 
     </span>
     <span class='ocr_line' id='line_1_12' title="bbox 447 2581 1849 2695; baseline -0.004 -27"><span class='ocrx_word' id='word_1_82' title='bbox 447 2584 583 2693; x_wconf 86' lang='lat' dir='ltr'>quibus</span> <span class='ocrx_word' id='word_1_83' title='bbox 607 2611 682 2694; x_wconf 86' lang='lat' dir='ltr'>pax</span> <span class='ocrx_word' id='word_1_84' title='bbox 704 2584 850 2668; x_wconf 82' lang='lat' dir='ltr'>turbari</span> <span class='ocrx_word' id='word_1_85' title='bbox 867 2583 1000 2694; x_wconf 88' lang='lat' dir='ltr'>possit.</span> <span class='ocrx_word' id='word_1_86' title='bbox 1022 2583 1128 2668; x_wconf 89' lang='lat' dir='ltr'>Unde</span> <span class='ocrx_word' id='word_1_87' title='bbox 1153 2594 1265 2695; x_wconf 85' lang='lat' dir='ltr'>rogat</span> <span class='ocrx_word' id='word_1_88' title='bbox 1285 2594 1329 2666; x_wconf 90' lang='lat' dir='ltr'>ut</span> <span class='ocrx_word' id='word_1_89' title='bbox 1345 2583 1407 2665; x_wconf 88' lang='lat' dir='ltr'>his</span> <span class='ocrx_word' id='word_1_90' title='bbox 1425 2581 1624 2664; x_wconf 85' lang='lat' dir='ltr'>fraudibus</span> <span class='ocrx_word' id='word_1_91' title='bbox 1646 2607 1849 2664; x_wconf 88' lang='lat' dir='ltr'>occurrens</span> 
     </span>
     <span class='ocr_line' id='line_1_13' title="bbox 448 2713 1681 2827; baseline -0.004 -27"><span class='ocrx_word' id='word_1_92' title='bbox 448 2741 488 2800; x_wconf 89' lang='lat' dir='ltr'>os</span> <span class='ocrx_word' id='word_1_93' title='bbox 505 2717 638 2827; x_wconf 88' lang='lat' dir='ltr'>iniquo</span> <span class='ocrx_word' id='word_1_94' title='bbox 655 2717 914 2826; x_wconf 90' lang='lat' dir='ltr'>loquentium,</span> <span class='ocrx_word' id='word_1_95' title='bbox 937 2717 1035 2801; x_wconf 90' lang='lat' dir='ltr'>sicut</span> <span class='ocrx_word' id='word_1_96' title='bbox 1051 2717 1133 2827; x_wconf 90' lang='lat' dir='ltr'>ipse</span> <span class='ocrx_word' id='word_1_97' title='bbox 1148 2743 1258 2801; x_wconf 80' lang='lat' dir='ltr'>uersa</span> <span class='ocrx_word' id='word_1_98' title='bbox 1275 2717 1355 2800; x_wconf 82' lang='lat' dir='ltr'>uice</span> <span class='ocrx_word' id='word_1_99' title='bbox 1372 2715 1476 2815; x_wconf 86' lang='lat' dir='ltr'>facit,</span> <span class='ocrx_word' id='word_1_100' title='bbox 1496 2713 1681 2797; x_wconf 86' lang='lat' dir='ltr'>obstruat.</span> 
     </span>
    </p>
   </div>
   <div class='ocr_carea' id='block_1_5' title="bbox 1872 2097 2053 2178">
    <p class='ocr_par' dir='ltr' id='par_1_5' title="bbox 1872 2097 2053 2178">
     <span class='ocr_line' id='line_1_14' title="bbox 1872 2097 2053 2178; baseline -0.017 -13"><span class='ocrx_word' id='word_1_101' title='bbox 1872 2124 1901 2169; x_wconf 65' lang='lat' dir='ltr'><em>w</em></span> <span class='ocrx_word' id='word_1_102' title='bbox 1912 2097 2053 2178; x_wconf 74' lang='lat' dir='ltr'>ssptcmitris.</span> 
     </span>
    </p>
   </div>
   <div class='ocr_carea' id='block_1_6' title="bbox 492 2927 1848 3114">
    <p class='ocr_par' dir='ltr' id='par_1_6' title="bbox 492 2927 1848 3114">
     <span class='ocr_line' id='line_1_15' title="bbox 492 2927 1848 3008; baseline -0.001 -18"><span class='ocrx_word' id='word_1_103' title='bbox 492 2941 496 2950; x_wconf 70' lang='grc'><em>“</em></span> <span class='ocrx_word' id='word_1_104' title='bbox 526 2929 629 3008; x_wconf 84' lang='lat' dir='ltr'>(Edld.</span> <span class='ocrx_word' id='word_1_105' title='bbox 645 2930 784 3008; x_wconf 78' lang='lat' dir='ltr'>Horum,</span> <span class='ocrx_word' id='word_1_106' title='bbox 799 2929 904 2992; x_wconf 77' lang='lat' dir='ltr'>Kaisar</span> <span class='ocrx_word' id='word_1_107' title='bbox 912 2928 1028 2992; x_wconf 80' lang='lat' dir='ltr'>Fricdr.</span> <span class='ocrx_word' id='word_1_108' title='bbox 1043 2931 1082 3006; x_wconf 85' lang='lat'>11,</span> <span class='ocrx_word' id='word_1_109' title='bbox 1095 2931 1227 3006; x_wconf 80' lang='lat' dir='ltr'>docum,</span> <span class='ocrx_word' id='word_1_110' title='bbox 1241 2947 1273 3008; x_wconf 90' lang='lat' dir='ltr'>p.</span> <span class='ocrx_word' id='word_1_111' title='bbox 1290 2939 1360 3006; x_wconf 75' lang='lat'>⁸52,</span> <span class='ocrx_word' id='word_1_112' title='bbox 1374 2938 1407 2990; x_wconf 80' lang='lat' dir='ltr'>n·</span> <span class='ocrx_word' id='word_1_113' title='bbox 1420 2937 1475 3004; x_wconf 76' lang='lat'>²²3</span> <span class='ocrx_word' id='word_1_114' title='bbox 1489 2945 1527 2990; x_wconf 85' lang='lat' dir='ltr'>ex</span> <span class='ocrx_word' id='word_1_115' title='bbox 1540 2935 1646 3005; x_wconf 81' lang='lat' dir='ltr'>regest.</span> <span class='ocrx_word' id='word_1_116' title='bbox 1661 2927 1782 3008; x_wconf 82' lang='lat' dir='ltr'>Gregor.</span> <span class='ocrx_word' id='word_1_117' title='bbox 1794 2929 1848 3000; x_wconf 81' lang='lat' dir='ltr'>lx,</span> 
     </span>
     <span class='ocr_line' id='line_1_16' title="bbox 562 3033 855 3114; baseline 0.01 -20"><span class='ocrx_word' id='word_1_118' title='bbox 562 3043 596 3094; x_wconf 82' lang='lat' dir='ltr'>n⁰</span> <span class='ocrx_word' id='word_1_119' title='bbox 610 3042 684 3112; x_wconf 74' lang='lat' dir='ltr'>sss,</span> <span class='ocrx_word' id='word_1_120' title='bbox 699 3052 771 3096; x_wconf 85' lang='lat' dir='ltr'>anu.</span> <span class='ocrx_word' id='word_1_121' title='bbox 787 3033 855 3114; x_wconf 83' lang='lat' dir='ltr'><strong>IX.)</strong></span> 
     </span>
    </p>
   </div>
   <div class='ocr_carea' id='block_1_7' title="bbox 450 3216 1863 4925">
    <p class='ocr_par' dir='ltr' id='par_1_7' title="bbox 450 3216 1863 4925">
     <span class='ocr_line' id='line_1_17' title="bbox 495 3216 1852 3318; baseline 0.001 -28"><span class='ocrx_word' id='word_1_122' title='bbox 495 3216 705 3316; x_wconf 59' lang='lat' dir='ltr'>[Gregorius</span> <span class='ocrx_word' id='word_1_123' title='bbox 717 3217 817 3318; x_wconf 89' lang='lat' dir='ltr'>eto.‚]</span> <span class='ocrx_word' id='word_1_124' title='bbox 829 3220 1003 3294; x_wconf 86' lang='lat' dir='ltr'>Friderico</span> <span class='ocrx_word' id='word_1_125' title='bbox 1016 3223 1246 3294; x_wconf 89' lang='lat' dir='ltr'>llomanorum</span> <span class='ocrx_word' id='word_1_126' title='bbox 1254 3219 1465 3314; x_wconf 86' lang='lat' dir='ltr'>imperatori,</span> <span class='ocrx_word' id='word_1_127' title='bbox 1479 3228 1545 3290; x_wconf 88' lang='lat' dir='ltr'>etc.</span> <span class='ocrx_word' id='word_1_128' title='bbox 1558 3219 1718 3292; x_wconf 85' lang='lat' dir='ltr'>Consueti</span> <span class='ocrx_word' id='word_1_129' title='bbox 1733 3221 1852 3292; x_wconf 83' lang='lat' dir='ltr'>fecun-</span> 
     </span>
     <span class='ocr_line' id='line_1_18' title="bbox 450 3341 1853 3441; baseline -0.001 -26"><span class='ocrx_word' id='word_1_130' title='bbox 450 3341 527 3416; x_wconf 90' lang='lat' dir='ltr'>dius</span> <span class='ocrx_word' id='word_1_131' title='bbox 538 3345 574 3415; x_wconf 94' lang='lat' dir='ltr'>in</span> <span class='ocrx_word' id='word_1_132' title='bbox 584 3365 674 3437; x_wconf 89' lang='lat' dir='ltr'>aqua</span> <span class='ocrx_word' id='word_1_133' title='bbox 688 3345 824 3418; x_wconf 87' lang='lat' dir='ltr'>turbata</span> <span class='ocrx_word' id='word_1_134' title='bbox 836 3345 974 3440; x_wconf 86' lang='lat' dir='ltr'>piscari,</span> <span class='ocrx_word' id='word_1_135' title='bbox 984 3345 1080 3441; x_wconf 88' lang='lat' dir='ltr'>pacis</span> <span class='ocrx_word' id='word_1_136' title='bbox 1094 3343 1315 3417; x_wconf 89' lang='lat' dir='ltr'>duloedinem</span> <span class='ocrx_word' id='word_1_137' title='bbox 1330 3343 1449 3415; x_wconf 86' lang='lat' dir='ltr'>mortis</span> <span class='ocrx_word' id='word_1_138' title='bbox 1460 3343 1724 3416; x_wconf 85' lang='lat' dir='ltr'>amaritudinem</span> <span class='ocrx_word' id='word_1_139' title='bbox 1736 3343 1853 3417; x_wconf 86' lang='lat' dir='ltr'>existi·</span> 
     </span>
     <span class='ocr_line' id='line_1_19' title="bbox 450 3466 1852 3564; baseline 0.002 -26"><span class='ocrx_word' id='word_1_140' title='bbox 450 3476 555 3558; x_wconf 89' lang='lat' dir='ltr'>mant,</span> <span class='ocrx_word' id='word_1_141' title='bbox 566 3467 736 3540; x_wconf 87' lang='lat' dir='ltr'>seminant</span> <span class='ocrx_word' id='word_1_142' title='bbox 745 3469 821 3540; x_wconf 88' lang='lat' dir='ltr'>lites</span> <span class='ocrx_word' id='word_1_143' title='bbox 834 3477 868 3542; x_wconf 92' lang='lat' dir='ltr'>et</span> <span class='ocrx_word' id='word_1_144' title='bbox 874 3468 990 3564; x_wconf 87' lang='lat' dir='ltr'>jurgia</span> <span class='ocrx_word' id='word_1_145' title='bbox 999 3478 1039 3540; x_wconf 92' lang='lat' dir='ltr'>nt</span> <span class='ocrx_word' id='word_1_146' title='bbox 1050 3491 1097 3541; x_wconf 86' lang='lat' dir='ltr'>ex</span> <span class='ocrx_word' id='word_1_147' title='bbox 1111 3467 1355 3563; x_wconf 88' lang='lat' dir='ltr'>iisiniquitatis</span> <span class='ocrx_word' id='word_1_148' title='bbox 1365 3466 1561 3560; x_wconf 87' lang='lat' dir='ltr'>manipulos</span> <span class='ocrx_word' id='word_1_149' title='bbox 1569 3475 1603 3538; x_wconf 92' lang='lat' dir='ltr'>et</span> <span class='ocrx_word' id='word_1_150' title='bbox 1611 3468 1750 3540; x_wconf 87' lang='lat' dir='ltr'>sceleris</span> <span class='ocrx_word' id='word_1_151' title='bbox 1758 3469 1852 3541; x_wconf 88' lang='lat' dir='ltr'>lucra</span> 
     </span>
     <span class='ocr_line' id='line_1_20' title="bbox 451 3588 1851 3683; baseline 0.004 -23"><span class='ocrx_word' id='word_1_152' title='bbox 451 3598 589 3662; x_wconf 90' lang='lat' dir='ltr'>metant.</span> <span class='ocrx_word' id='word_1_153' title='bbox 601 3590 1018 3665; x_wconf 85' lang='lat' dir='ltr'>Efficaciusantemdolos</span> <span class='ocrx_word' id='word_1_154' title='bbox 1033 3591 1148 3665; x_wconf 88' lang='lat' dir='ltr'>hostes</span> <span class='ocrx_word' id='word_1_155' title='bbox 1163 3590 1341 3665; x_wconf 88' lang='lat' dir='ltr'>domestici</span> <span class='ocrx_word' id='word_1_156' title='bbox 1352 3588 1594 3662; x_wconf 88' lang='lat' dir='ltr'>machinantur</span> <span class='ocrx_word' id='word_1_157' title='bbox 1605 3591 1666 3683; x_wconf 90' lang='lat' dir='ltr'>qui</span> <span class='ocrx_word' id='word_1_158' title='bbox 1681 3602 1774 3664; x_wconf 88' lang='lat' dir='ltr'>recta</span> <span class='ocrx_word' id='word_1_159' title='bbox 1787 3591 1851 3664; x_wconf 93' lang='lat' dir='ltr'>do·</span> 
     </span>
     <span class='ocr_line' id='line_1_21' title="bbox 451 3713 1854 3811; baseline 0.004 -28"><span class='ocrx_word' id='word_1_160' title='bbox 451 3713 619 3785; x_wconf 91' lang='lat' dir='ltr'>minorum</span> <span class='ocrx_word' id='word_1_161' title='bbox 635 3735 741 3808; x_wconf 88' lang='lat' dir='ltr'>opera</span> <span class='ocrx_word' id='word_1_162' title='bbox 767 3713 1014 3811; x_wconf 84' lang='lat' dir='ltr'>depravantes,</span> <span class='ocrx_word' id='word_1_163' title='bbox 1043 3715 1155 3787; x_wconf 90' lang='lat' dir='ltr'>lucem</span> <span class='ocrx_word' id='word_1_164' title='bbox 1174 3716 1332 3787; x_wconf 85' lang='lat' dir='ltr'>tenebras</span> <span class='ocrx_word' id='word_1_165' title='bbox 1350 3720 1504 3784; x_wconf 79' lang='lat' dir='ltr'>sutount</span> <span class='ocrx_word' id='word_1_166' title='bbox 1516 3725 1550 3786; x_wconf 91' lang='lat' dir='ltr'>et</span> <span class='ocrx_word' id='word_1_167' title='bbox 1564 3714 1772 3810; x_wconf 87' lang='lat' dir='ltr'>quibusdam</span> <span class='ocrx_word' id='word_1_168' title='bbox 1788 3737 1854 3789; x_wconf 91' lang='lat' dir='ltr'>ve·</span> 
     </span>
     <span class='ocr_line' id='line_1_22' title="bbox 452 3836 1855 3936; baseline 0.006 -31"><span class='ocrx_word' id='word_1_169' title='bbox 452 3837 583 3908; x_wconf 83' lang='lat' dir='ltr'>uenalis</span> <span class='ocrx_word' id='word_1_170' title='bbox 604 3836 879 3912; x_wconf 87' lang='lat' dir='ltr'>immixtionibus</span> <span class='ocrx_word' id='word_1_171' title='bbox 901 3837 1005 3912; x_wconf 88' lang='lat' dir='ltr'>corda</span> <span class='ocrx_word' id='word_1_172' title='bbox 1019 3839 1212 3936; x_wconf 90' lang='lat' dir='ltr'>principum</span> <span class='ocrx_word' id='word_1_173' title='bbox 1234 3841 1385 3914; x_wconf 87' lang='lat' dir='ltr'>caritatis</span> <span class='ocrx_word' id='word_1_174' title='bbox 1408 3841 1577 3913; x_wconf 91' lang='lat' dir='ltr'>bitumine</span> <span class='ocrx_word' id='word_1_175' title='bbox 1601 3841 1759 3936; x_wconf 89' lang='lat' dir='ltr'>colligata</span> <span class='ocrx_word' id='word_1_176' title='bbox 1776 3839 1855 3914; x_wconf 91' lang='lat' dir='ltr'>dis-</span> 
     </span>
     <span class='ocr_line' id='line_1_23' title="bbox 453 3959 1854 4059; baseline 0.004 -27"><span class='ocrx_word' id='word_1_177' title='bbox 453 3959 607 4052; x_wconf 87' lang='lat' dir='ltr'>solvunt,</span> <span class='ocrx_word' id='word_1_178' title='bbox 629 3971 685 4052; x_wconf 91' lang='lat' dir='ltr'>ut,</span> <span class='ocrx_word' id='word_1_179' title='bbox 706 3962 886 4034; x_wconf 83' lang='lat' dir='ltr'>vulnerata</span> <span class='ocrx_word' id='word_1_180' title='bbox 899 3983 998 4058; x_wconf 87' lang='lat' dir='ltr'>pace,</span> <span class='ocrx_word' id='word_1_181' title='bbox 1018 3983 1101 4036; x_wconf 88' lang='lat' dir='ltr'>suas</span> <span class='ocrx_word' id='word_1_182' title='bbox 1113 3983 1276 4036; x_wconf 82' lang='lat' dir='ltr'>exercere</span> <span class='ocrx_word' id='word_1_183' title='bbox 1298 3965 1444 4037; x_wconf 87' lang='lat' dir='ltr'>malitias</span> <span class='ocrx_word' id='word_1_184' title='bbox 1460 3965 1601 4037; x_wconf 89' lang='lat' dir='ltr'>liberius</span> <span class='ocrx_word' id='word_1_185' title='bbox 1614 3965 1751 4037; x_wconf 87' lang='lat' dir='ltr'>valeant</span> <span class='ocrx_word' id='word_1_186' title='bbox 1766 3987 1854 4059; x_wconf 90' lang='lat' dir='ltr'>quas</span> 
     </span>
     <span class='ocr_line' id='line_1_24' title="bbox 453 4082 1850 4184; baseline 0.007 -32"><span class='ocrx_word' id='word_1_187' title='bbox 453 4082 632 4156; x_wconf 89' lang='lat' dir='ltr'>concordie</span> <span class='ocrx_word' id='word_1_188' title='bbox 645 4093 798 4180; x_wconf 88' lang='lat' dir='ltr'>tempore</span> <span class='ocrx_word' id='word_1_189' title='bbox 807 4085 851 4158; x_wconf 85' lang='lat' dir='ltr'>ab</span> <span class='ocrx_word' id='word_1_190' title='bbox 860 4085 1008 4159; x_wconf 89' lang='lat' dir='ltr'>obscuro</span> <span class='ocrx_word' id='word_1_191' title='bbox 1023 4085 1199 4159; x_wconf 81' lang='lat' dir='ltr'>fraudium</span> <span class='ocrx_word' id='word_1_192' title='bbox 1207 4087 1244 4158; x_wconf 95' lang='lat' dir='ltr'>in</span> <span class='ocrx_word' id='word_1_193' title='bbox 1255 4088 1368 4160; x_wconf 86' lang='lat' dir='ltr'>lucem</span> <span class='ocrx_word' id='word_1_194' title='bbox 1382 4085 1573 4184; x_wconf 88' lang='lat' dir='ltr'>producere</span> <span class='ocrx_word' id='word_1_195' title='bbox 1581 4109 1651 4161; x_wconf 93' lang='lat' dir='ltr'>non</span> <span class='ocrx_word' id='word_1_196' title='bbox 1662 4087 1850 4165; x_wconf 88' lang='lat' dir='ltr'>audebant.</span> 
     </span>
     <span class='ocr_line' id='line_1_25' title="bbox 453 4205 1855 4307; baseline 0.007 -31"><span class='ocrx_word' id='word_1_197' title='bbox 453 4205 511 4277; x_wconf 85' lang='lat' dir='ltr'>liis</span> <span class='ocrx_word' id='word_1_198' title='bbox 522 4205 615 4278; x_wconf 89' lang='lat' dir='ltr'>enim</span> <span class='ocrx_word' id='word_1_199' title='bbox 623 4207 774 4280; x_wconf 88' lang='lat' dir='ltr'>Suthane</span> <span class='ocrx_word' id='word_1_200' title='bbox 789 4209 1061 4306; x_wconf 89' lang='lat' dir='ltr'>stimulissepius</span> <span class='ocrx_word' id='word_1_201' title='bbox 1070 4209 1177 4284; x_wconf 90' lang='lat' dir='ltr'>Sedes</span> <span class='ocrx_word' id='word_1_202' title='bbox 1185 4209 1381 4306; x_wconf 81' lang='lat' dir='ltr'>Apostolica</span> <span class='ocrx_word' id='word_1_203' title='bbox 1391 4212 1570 4307; x_wconf 88' lang='lat' dir='ltr'>pungitur,</span> <span class='ocrx_word' id='word_1_204' title='bbox 1581 4232 1603 4283; x_wconf 89' lang='lat' dir='ltr'>a</span> <span class='ocrx_word' id='word_1_205' title='bbox 1614 4211 1855 4304; x_wconf 88' lang='lat' dir='ltr'>quibusetiam</span> 
     </span>
     <span class='ocr_line' id='line_1_26' title="bbox 456 4327 1855 4430; baseline 0.006 -32"><span class='ocrx_word' id='word_1_206' title='bbox 456 4327 616 4402; x_wconf 89' lang='lat' dir='ltr'>immunis</span> <span class='ocrx_word' id='word_1_207' title='bbox 640 4329 827 4426; x_wconf 90' lang='lat' dir='ltr'>imperialis</span> <span class='ocrx_word' id='word_1_208' title='bbox 844 4333 941 4406; x_wconf 86' lang='lat' dir='ltr'>curia</span> <span class='ocrx_word' id='word_1_209' title='bbox 958 4355 1027 4406; x_wconf 94' lang='lat' dir='ltr'>non</span> <span class='ocrx_word' id='word_1_210' title='bbox 1051 4333 1210 4408; x_wconf 88' lang='lat' dir='ltr'>habetur.</span> <span class='ocrx_word' id='word_1_211' title='bbox 1231 4333 1318 4408; x_wconf 87' lang='lat' dir='ltr'>Nam</span> <span class='ocrx_word' id='word_1_212' title='bbox 1337 4357 1416 4408; x_wconf 92' lang='lat' dir='ltr'>cum</span> <span class='ocrx_word' id='word_1_213' title='bbox 1434 4335 1515 4410; x_wconf 92' lang='lat' dir='ltr'>olim</span> <span class='ocrx_word' id='word_1_214' title='bbox 1539 4333 1771 4430; x_wconf 91' lang='lat' dir='ltr'>proquodam</span> <span class='ocrx_word' id='word_1_215' title='bbox 1789 4356 1855 4407; x_wconf 92' lang='lat' dir='ltr'>ne-</span> 
     </span>
     <span class='ocr_line' id='line_1_27' title="bbox 457 4452 1857 4554; baseline 0.004 -30"><span class='ocrx_word' id='word_1_216' title='bbox 457 4452 546 4542; x_wconf 87' lang='lat' dir='ltr'>gotio</span> <span class='ocrx_word' id='word_1_217' title='bbox 576 4461 636 4525; x_wconf 88' lang='lat' dir='ltr'>tuo</span> <span class='ocrx_word' id='word_1_218' title='bbox 661 4453 916 4550; x_wconf 87' lang='lat' dir='ltr'>scripserimus,</span> <span class='ocrx_word' id='word_1_219' title='bbox 950 4456 1040 4530; x_wconf 90' lang='lat' dir='ltr'>siout</span> <span class='ocrx_word' id='word_1_220' title='bbox 1063 4458 1313 4551; x_wconf 85' lang='lat' dir='ltr'>intelleximus,</span> <span class='ocrx_word' id='word_1_221' title='bbox 1342 4459 1485 4554; x_wconf 86' lang='lat' dir='ltr'>quidam</span> <span class='ocrx_word' id='word_1_222' title='bbox 1507 4457 1698 4552; x_wconf 84' lang='lat' dir='ltr'>iniquitatis</span> <span class='ocrx_word' id='word_1_223' title='bbox 1720 4456 1781 4533; x_wconf 85' lang='lat' dir='ltr'>lilii</span> <span class='ocrx_word' id='word_1_224' title='bbox 1795 4458 1857 4554; x_wconf 90' lang='lat' dir='ltr'>qui</span> 
     </span>
     <span class='ocr_line' id='line_1_28' title="bbox 458 4579 1859 4680; baseline 0.006 -34"><span class='ocrx_word' id='word_1_225' title='bbox 458 4595 673 4671; x_wconf 82' lang='lat' dir='ltr'>nequaquam</span> <span class='ocrx_word' id='word_1_226' title='bbox 689 4579 817 4652; x_wconf 80' lang='lat' dir='ltr'>vellent</span> <span class='ocrx_word' id='word_1_227' title='bbox 835 4581 1024 4656; x_wconf 84' lang='lat' dir='ltr'>Ecclesium</span> <span class='ocrx_word' id='word_1_228' title='bbox 1041 4583 1184 4680; x_wconf 87' lang='lat' dir='ltr'>imperio</span> <span class='ocrx_word' id='word_1_229' title='bbox 1208 4584 1348 4659; x_wconf 82' lang='lat' dir='ltr'>vinculo</span> <span class='ocrx_word' id='word_1_230' title='bbox 1363 4582 1555 4657; x_wconf 89' lang='lat' dir='ltr'>dilectionis</span> <span class='ocrx_word' id='word_1_231' title='bbox 1572 4583 1678 4674; x_wconf 89' lang='lat' dir='ltr'>uniri,</span> <span class='ocrx_word' id='word_1_232' title='bbox 1707 4585 1859 4658; x_wconf 86' lang='lat' dir='ltr'>occultas</span> 
     </span>
     <span class='ocr_line' id='line_1_29' title="bbox 457 4697 1860 4803; baseline 0.008 -33"><span class='ocrx_word' id='word_1_233' title='bbox 457 4697 582 4774; x_wconf 84' lang='lat' dir='ltr'>litteras</span> <span class='ocrx_word' id='word_1_234' title='bbox 600 4712 636 4774; x_wconf 93' lang='lat' dir='ltr'>et</span> <span class='ocrx_word' id='word_1_235' title='bbox 652 4703 793 4778; x_wconf 86' lang='lat' dir='ltr'>osdulas</span> <span class='ocrx_word' id='word_1_236' title='bbox 818 4703 902 4780; x_wconf 88' lang='lat' dir='ltr'>dicti</span> <span class='ocrx_word' id='word_1_237' title='bbox 920 4707 1048 4800; x_wconf 90' lang='lat' dir='ltr'>negotii</span> <span class='ocrx_word' id='word_1_238' title='bbox 1066 4705 1312 4780; x_wconf 84' lang='lat' dir='ltr'>executoribus</span> <span class='ocrx_word' id='word_1_239' title='bbox 1329 4706 1589 4780; x_wconf 87' lang='lat' dir='ltr'>transmiserunt</span> <span class='ocrx_word' id='word_1_240' title='bbox 1610 4728 1655 4778; x_wconf 91' lang='lat' dir='ltr'>ne</span> <span class='ocrx_word' id='word_1_241' title='bbox 1681 4706 1726 4780; x_wconf 89' lang='lat' dir='ltr'>ad</span> <span class='ocrx_word' id='word_1_242' title='bbox 1750 4708 1860 4803; x_wconf 89' lang='lat' dir='ltr'>ipsius</span> 
     </span>
     <span class='ocr_line' id='line_1_30' title="bbox 459 4825 1863 4925; baseline 0.007 -28"><span class='ocrx_word' id='word_1_243' title='bbox 459 4825 724 4916; x_wconf 87' lang='lat' dir='ltr'>prosecutionem</span> <span class='ocrx_word' id='word_1_244' title='bbox 743 4828 986 4924; x_wconf 65' lang='lat' dir='ltr'>procederem</span> <span class='ocrx_word' id='word_1_245' title='bbox 1005 4840 1196 4907; x_wconf 87' lang='lat' dir='ltr'>asserentes</span> <span class='ocrx_word' id='word_1_246' title='bbox 1213 4830 1424 4905; x_wconf 89' lang='lat' dir='ltr'>mendaciter</span> <span class='ocrx_word' id='word_1_247' title='bbox 1439 4830 1536 4925; x_wconf 90' lang='lat' dir='ltr'>quod</span> <span class='ocrx_word' id='word_1_248' title='bbox 1555 4851 1675 4903; x_wconf 89' lang='lat' dir='ltr'>eorum</span> <span class='ocrx_word' id='word_1_249' title='bbox 1691 4832 1800 4906; x_wconf 90' lang='lat' dir='ltr'>littere</span> <span class='ocrx_word' id='word_1_250' title='bbox 1818 4833 1863 4907; x_wconf 92' lang='lat' dir='ltr'>de</span> 
     </span>
    </p>
   </div>
   <div class='ocr_carea' id='block_1_8' title="bbox 0 0 2470 6356">
    <p class='ocr_par' dir='ltr' id='par_1_8' title="bbox 0 0 2470 6356">
     <span class='ocr_line' id='line_1_31' title="bbox 0 0 2470 6356; baseline 0 0"><span class='ocrx_word' id='word_1_251' title='bbox 0 0 2470 6356; x_wconf 95' lang='lat' dir='ltr'> </span> 
     </span>
    </p>
   </div>
  </div>
 </body>
</html>
