4859 6359
358 827 460 887 lumen
476 822 520 906 'l.]
808 813 1007 879 tttsrotttn
1033 811 1330 876 blatounttca

414 1399 621 1505 Henrious,
640 1379 903 1480 Romanorum
919 1421 1006 1499 rex,
1031 1395 1081 1477 ad
1108 1392 1328 1502 petitionem
1354 1389 1537 1472 Bernsrdi
1564 1386 1712 1470 abbatis
1734 1397 1772 1472 et
1816 1393 1946 1498 ,23:23,

363 1541 572 1616 conuentus
593 1528 814 1614 monasterii
831 1529 880 1610 de
900 1527 1027 1630 Buch,
1056 1527 1159 1609 idem
1186 1523 1460 1608 monasterium
1478 1547 1567 1604 curn
1591 1521 1771 1604 omnibus

364 1663 476 1747 bonis
494 1662 577 1772 ejus
594 1664 635 1744 in
652 1661 884 1771 protectione
910 1686 982 1744 sua
999 1659 1170 1768 suscipit,
1190 1659 1301 1767 eique
1322 1656 1425 1740 bona
1447 1681 1517 1738 sua
1538 1655 1611 1738 sita
1636 1655 1677 1736 in
1692 1654 1769 1740 Ni-

364 1795 605 1882 dabudowitz
622 1806 661 1879 et
680 1795 867 1904 Kogelant
883 1792 996 1903 pleno
1010 1790 1098 1902 jure
1114 1790 1261 1874 confert
1277 1799 1315 1872 et
1332 1790 1463 1872 donat.

1838 1500 1929 1553 rorum.

447 2009 543 2083 (Edlt.
561 2025 609 2086 ap.
626 2007 823 2070 Smosrrosn
843 2015 875 2069 et
886 2007 1033 2080 masto,
1043 2003 1249 2086 ntptotaatar„
1262 2011 1287 2066 t.
1303 2004 1344 2078 ΙΙ,
1358 2021 1386 2080 p.
1406 2011 1480 2078 1813
1495 2002 1562 2063 coll.
1585 2018 1655 2064 cum
1674 2003 1770 2081 orlgl-

484 2113 547 2174 null
558 2115 590 2173 ln
600 2113 722 2174 archivo
733 2113 903 2186 Dresdenst,
917 2122 951 2172 n·
965 2121 1036 2191 ata,
1050 2111 1131 2172 unde
1143 2109 1251 2188 pendet
1263 2109 1361 2170 adbuc
1373 2107 1503 2186 stglllnm
1516 2105 1659 2186 cereum.)

413 2297 454 2368 ln
471 2298 609 2370 nomine
632 2305 750 2370 sancta
775 2305 811 2370 et
837 2295 1020 2370 individue
1041 2295 1227 2369 Trinitatis.
1254 2293 1433 2367 Heinricns
1458 2295 1625 2390 septimus
1651 2295 1773 2368 divina

365 2419 504 2492 brente
519 2422 701 2496 clementia
718 2423 951 2494 Romanorum
970 2442 1036 2492 rex
1061 2429 1097 2493 et
1119 2441 1255 2514 semper
1277 2428 1458 2513 augustus.
1484 2417 1540 2490 Ad
1566 2418 1633 2491 boo
1655 2417 1774 2492 divina

368 2542 571 2638 disponente
584 2544 804 2640 providentia
818 2544 864 2617 ad
877 2545 977 2638 regni
989 2543 1223 2639 gubernacula
1237 2563 1300 2616 nos
1317 2541 1489 2614 credimus
1505 2541 1718 2632 sublimatos,
1735 2553 1773 2615 ut

366 2666 442 2739 loca
455 2667 578 2740 divino
591 2668 700 2740 cultui
714 2668 909 2764 mancipata
926 2678 1104 2740 teneamur
1116 2667 1319 2740 liberalitate
1338 2667 1435 2760 regia
1451 2687 1672 2760 promovere,
1697 2689 1773 2740 scr-

367 2811 561 2885 uorumque
572 2791 635 2866 Dei
657 2791 864 2864 utilitatibus
880 2791 918 2863 in
936 2791 1196 2864 confirmatione
1212 2791 1474 2887 privilegiorum
1496 2798 1686 2862 nostrorum
1707 2813 1772 2864 nec

368 2935 436 2987 non
455 2915 493 2987 in
510 2916 588 2988 aliis
603 2916 853 3011 temporalibus
865 2915 1029 2989 subsidiis
1041 2915 1239 2987 subvenire.
1262 2913 1401 2986 Noverit
1425 2913 1530 3007 igitur
1544 2921 1614 2986 tarn
1633 2934 1773 3006 presens

369 3048 443 3111 etas
457 3060 564 3133 qnam
578 3060 779 3112 successura
793 3040 975 3135 posteritas
996 3039 1092 3132 quod
1106 3059 1171 3111 nos
1189 3039 1236 3111 ob
1247 3037 1473 3110 reverentiam
1483 3039 1683 3112 intemerate
1696 3040 1773 3111 vir-

368 3161 460 3254 ginis
476 3162 539 3234 Dei
552 3163 728 3256 genitricis
744 3163 868 3254 llario,
887 3163 1051 3259 peticioni
1064 3162 1200 3235 abbatis
1211 3161 1399 3235 Bemhardi
1416 3171 1451 3234 et
1464 3163 1673 3235 confratrum
1686 3184 1772 3236 suo-

367 3306 446 3356 rum
477 3287 676 3358 monasterii
702 3285 749 3360 de
783 3285 881 3358 Bnch
906 3287 1150 3383 cysterciensis
1172 3285 1304 3360 ordinis
1331 3285 1377 3359 de
1396 3285 1613 3381 providentia
1638 3287 1772 3360 consilii

368 3409 476 3482 nostri
489 3410 684 3484 satisfacere
697 3411 889 3506 cupientes,
907 3410 1024 3506 ipsum
1043 3410 1288 3482 monasterium
1302 3431 1383 3482 cum
1397 3397 1558 3482 omnibns
1575 3409 1774 3485 hominibus

368 3541 404 3606 et
421 3535 714 3628 possessionibus,
740 3557 831 3630 quas
851 3534 890 3606 in
908 3535 1158 3630 presentiarum
1171 3534 1335 3607 canonice
1347 3533 1500 3629 possidet
1515 3543 1549 3607 ot
1566 3535 1772 3610 infuturum

365 3657 469 3747 J’ostis
481 3657 596 3730 modis
610 3657 734 3753 poterit
750 3657 916 3753 adipisci,
938 3657 1006 3730 sub
1024 3666 1175 3730 nostram
1189 3667 1225 3730 et
1244 3657 1381 3753 imperii
1399 3657 1643 3752 protectionem
1662 3661 1772 3733 susci·

368 3781 486 3875 pimus
506 3802 549 3854 ac
569 3781 797 3877 patrocinium
816 3782 981 3877 speciale,
1008 3779 1103 3854 dicta
1124 3781 1216 3854 bona
1233 3801 1314 3853 curn
1335 3781 1409 3852 suis
1432 3781 1643 3876 pertinentiis
1660 3785 1773 3858 eidem

367 3903 672 3998 auctoritateregia
683 3903 935 3978 confirmatos.
948 3902 1556 3999 Adbeeproremedioanimenostre
1569 3915 1603 3979 et
1615 3907 1774 3981 divorum

368 4026 628 4120 progenitorum
647 4035 858 4118 nostrorum,
874 4037 1062 4101 memorato
1082 4027 1290 4100 monasterio
1312 4027 1409 4122 quod
1433 4029 1479 4101 ab
1508 4030 1592 4124 ipsis
1619 4030 1774 4104 dotatum

370 4146 561 4221 dinoscitur
582 4149 749 4245 quodque
765 4161 930 4246 tanquam
948 4151 1117 4224 familiare
1134 4160 1170 4223 et
1184 4150 1352 4224 dilectum
1369 4151 1457 4224 inter
1474 4154 1679 4227 monasteria
1693 4155 1774 4250 Cys-

370 4273 466 4346 tercii
479 4271 612 4346 ordinis
622 4274 724 4346 nobis
739 4275 932 4370 specialiter
944 4284 1156 4370 reputamus,
1178 4273 1224 4347 de
1238 4275 1448 4369 benignitate
1459 4276 1554 4371 regia
1562 4277 1675 4350 omnia
1684 4279 1776 4352 bona

369 4396 471 4468 nobis
485 4397 690 4492 pertinentia
705 4397 771 4471 sita
780 4399 817 4471 in
828 4398 1084 4473 Nidabudowiz
1096 4409 1131 4472 et
1144 4399 1331 4492 Kogelant,
1349 4421 1418 4493 que
1431 4402 1606 4472 annuatim
1623 4403 1776 4496 quinque

370 4519 478 4592 libras
494 4521 728 4615 liznilrgensis
744 4532 881 4596 monete
899 4523 1000 4596 nobis
1021 4523 1203 4596 taracione
1223 4522 1376 4617 legitima
1393 4523 1650 4618 persolvebant,
1673 4527 1775 4621 pleno

301 4646 311 4654 ”
368 4645 660 4736 jureconterimns
671 4655 707 4718 et
719 4645 903 4732 donamus,
921 4647 958 4718 in
974 4669 1060 4720 usus
1075 4657 1111 4721 et
1127 4647 1321 4720 utillitatem
1338 4646 1472 4720 abbatis
1490 4657 1525 4719 et
1541 4648 1681 4721 fratrum
1693 4673 1776 4747 pre-

372 4767 470 4840 libati
487 4769 686 4842 monasterii
701 4770 739 4842 in
752 4780 958 4866 perpetuum
978 4771 1186 4868 possidenda
1210 4793 1252 4844 ac
1274 4793 1353 4843 curn
1372 4771 1466 4842 omni
1483 4771 1676 4866 integritate
1687 4777 1776 4868 juris

374 4891 597 4983 etlibertate,
623 4901 694 4965 tam
712 4894 861 4989 presenti
878 4917 984 4990 quarn
1000 4897 1132 4987 lutura,
1149 4895 1223 4967 suis
1241 4895 1363 4967 usibus
1380 4895 1573 4970 retinenda.
1588 4899 1776 4973 Statuimns
