4859 6359
448 797 545 855 rare.
562 793 604 876 r]
901 783 1097 847 arsronra
1120 781 1412 848 nrrtonesrcs.
1797 782 1857 848 ser

450 949 591 1034 proauo
616 944 689 1004 suo
710 918 900 1002 Friderieo
917 917 1186 1026 {imperatore
1215 918 1408 1001 indultum
1439 917 1854 1024 confirmat,‘eemdem

450 1056 581 1139 eximit
602 1055 652 1136 ab
680 1051 787 1135 omni
815 1051 1083 1133 advocatorum
1108 1051 1328 1160 teredone,
1353 1053 1577 1161 diverseque
1600 1053 1688 1166 jure
1714 1051 1855 1137 ibidem

451 1211 627 1298 expresse
652 1184 831 1267 ecelesiae
848 1192 886 1265 et
897 1183 1094 1266 'canonicis
1110 1191 1269 1266 renovat
1284 1183 1343 1266 vel
1361 1181 1545 1266 concedit.

533 1375 635 1455 (edd.
649 1372 1004 1454 sessiacensem.
1022 1369 1148 1449 declar„
1163 1368 1215 1434 ltb.
1231 1373 1292 1448 111,
1306 1389 1336 1450 p.
1353 1371 1433 1450 248.)

500 1538 540 1608 ln
560 1536 702 1609 nomine
714 1543 844 1608 ‘meta
854 1543 892 1608 et
911 1534 1092 1608 individue
1112 1535 1297 1608 Trinitatis.
1321 1529 1500 1606 Heinriens
1525 1534 1709 1628 septimus,
1738 1533 1859 1610 divina

453 1659 590 1733 favente
604 1659 786 1733 clementia
801 1659 1030 1731 Romanorum
1049 1679 1116 1731 rex
1134 1667 1170 1730 et
1185 1679 1320 1752 semper
1337 1665 1516 1750 augustus.
1533 1657 1604 1728 Etsi
1622 1657 1777 1729 omnium
1796 1671 1860 1732 σο·-

453 1783 635 1856 etesiarum
657 1782 868 1878 profectibus
888 1781 1067 1854 intendere
1090 1781 1299 1872 demamus,
1325 1781 1461 1852 illarum
1484 1790 1597 1852 emen
1616 1773 1806 1854 commodis
1827 1792 1862 1855 et

455 1905 658 1978 utilitatibus
673 1925 740 1977 noe
756 1904 921 1977 convenit
935 1903 1120 2000 specialius
1139 1904 1323 2000 providere
1349 1925 1419 1998 que
1441 1903 1540 1976 nobis
1558 1913 1592 1976 et
1615 1903 1758 2000 imperio
1776 1925 1862 2000 spe-

456 2029 587 2102 cialiter
601 2035 683 2100 eunt
698 2027 874 2101 adstricto.
894 2027 983 2098 ilinc
999 2025 1164 2120 estquod
1180 2047 1246 2099 nos
1264 2027 1435 2100 universis
1456 2026 1672 2122 presentibus
1688 2037 1722 2099 et
1740 2025 1865 2101 suturis

456 2155 618 2226 volumus
633 2151 708 2225 lieri
728 2152 948 2224 manifestam
964 2149 1061 2244 qnod
1078 2169 1142 2223 noe
1156 2149 1349 2223 libertatem
1362 2159 1398 2223 et
1412 2151 1557 2245 gratiam
1574 2173 1644 2244 qne
1661 2151 1800 2246 provisa
1815 2160 1867 2224 est

457 2285 571 2350 nesus
587 2275 794 2348 Goslarimei
811 2273 954 2348 mesic
966 2290 1030 2369 per
1043 2273 1264 2368 privilegium
1282 2275 1400 2369 proavi
1413 2274 1609 2346 nostri'dive
1621 2275 1866 2350 reeordationis

456 2399 632 2494 qnondam
646 2398 812 2472 Friderici
825 2397 1043 2494 imperatoris
1060 2406 1179 2472 eontra
1196 2395 1470 2493 importunitates
1487 2399 1693 2493 multiplices
1710 2407 1744 2472 et
1765 2421 1868 2496 pres-

457 2545 557 2596 suras
572 2544 663 2618 quas
676 2521 837 2595 advocati
849 2524 926 2614 ejus
947 2522 985 2593 in
1004 2521 1115 2616 ipsam
1129 2531 1382 2596 consueverant
1394 2539 1574 2614 exercere,
1594 2523 1754 2597 videlieet
1765 2525 1869 2598 here-

457 2649 582 2722 ditates
604 2659 643 2720 et
663 2648 829 2742 reliquias
849 2647 995 2720 litonum
1011 2643 1156 2720 ecclesie
1187 2647 1254 2719 sibi
1277 2641 1397 2720 eontra
1417 2648 1589 2739 iusticiam
1616 2648 1816 2743 usurpando
1838 2658 1873 2722 et

457 2772 604 2844 locando
619 2792 760 2844 maneos
771 2772 874 2844 noris
885 2771 1015 2844 colonis
1027 2771 1063 2842 in
1082 2769 1197 2865 ipsius·
1209 2763 1361 2843 ecclesie
1371 2769 1600 2866 prejudicium
1616 2779 1651 2842 et
1663 2790 1868 2863 gravamen3

457 2896 657 2969 auctoritate
673 2896 770 2989 regia
784 2896 830 2969 de
848 2896 956 2967 totius
967 2896 1074 2966 nostri
1089 2895 1224 2968 consilii
1242 2893 1458 2989 previdentia
1475 2891 1642 2966 duximus
1658 2883 1872 2967 confirman-

458 3018 560 3109 dam,
581 3021 650 3092 sub
666 3021 811 3093 obtemu
829 3019 939 3113 gratie
952 3028 1071 3091 nosne
1090 3018 1232 3091 tirmiter
1251 3017 1446 3090 inhibentes
1467 3015 1606 3110 nequis
1622 3019 1872 3112 cujuscumque

459 3143 667 3216 conditionis
682 3145 752 3216 altu
770 3163 917 3238 persone
930 3142 1162 3234 vel‘humilis‚
1190 3142 1420 3215 ecclesiastiea
1442 3141 1498 3214 vel
1521 3139 1713 3231 mundana,
1734 3142 1872 3215 liberta·
1944 3199 1948 3208 .

461 3267 555 3339 tibus
569 3268 745 3364 privilegii
760 3268 920 3360 ejusdem
933 3267 1051 3361 aliquo
1068 3265 1172 3340 modo
1188 3268 1354 3359 derogare
1369 3275 1545 3360 presumat
1571 3265 1627 3337 vel
1646 3265 1731 3340 alias
1755 3277 1874 3341 eontra

462 3399 616 3464 tenorem
629 3391 740 3486 ipsius
758 3391 940 3463 ecelesiam
959 3390 1086 3463 audeat
1101 3390 1478 3479 molestarePreterea,
1501 3387 1590 3459 sieut
1608 3387 1643 3459 in
1664 3389 1740 3483 ipso
1761 3389 1875 3484 privi-

462 3514 554 3607 legio
579 3524 712 3588 eonetat
728 3535 806 3587 esse
822 3514 1035 3610 prohibitum
1060 3523 1095 3587 et
1123 3523 1302 3605 statutum,
1321 3513 1372 3584 sie
1394 3521 1428 3584 et
1449 3531 1512 3584 nos
1526 3513 1571 3585 de
1584 3533 1676 3585 novo
1692 3514 1874 3588 statuimus

463 3637 658 3710 inhibentes
672 3646 730 3726 nt,
750 3639 836 3732 quia
844 3637 1011 3712 advocati
1029 3638 1163 3732 pridem
1181 3638 1228 3711 ad
1245 3637 1465 3710 ecclesiarum
1488 3633 1721 3710 defensionem
1744 3639 1873 3732 provisi

462 3761 543 3832 tacti
560 3771 643 3833 sunt
657 3762 693 3832 in
709 3762 884 3856 plerisque
896 3763 981 3836 locis
1004 3780 1052 3833 ex
1068 3758 1304 3834 delsnsoribus
1323 3759 1526 3851 offensores,
1548 3781 1592 3832 ne
1606 3781 1710 3854 super
1727 3761 1818 3833 bona
1835 3763 1872 3834 in

462 3885 581 3957 Werre
592 3906 663 3978 que
679 3884 724 3958 ad
742 3886 922 3958 ecelesiam
939 3885 1051 3980 ipsam
1068 3896 1224 3980 spectant
1239 3887 1295 3958 vel
1310 3905 1529 3978 quecumque
1546 3883 1611 3956 alia
1628 3905 1696 3955 non
1710 3883 1872 3959 habentia

462 4007 670 4096 advocatos,
688 4029 760 4101 que
777 4009 823 4081 ad
838 4029 979 4104 presens
996 4009 1100 4082 babet
1116 4009 1261 4082 ecelesia
1277 3993 1464 4082 memorata
1478 4007 1534 4080 vel
1549 4007 1585 4079 in
1603 4009 1754 4080 interum
1775 3985 1870 4104 pres·

463 4139 557 4203 tante
570 4131 718 4204 Domino
727 4131 831 4224 justis
843 4131 1094 4226 modisp'oterit
1108 4133 1268 4229 adipieel,
1278 4134 1405 4228 aliquis
1417 4132 1873 4227 admittaturautpossitaut

464 4253 590 4327 debeat
604 4253 679 4326 lieri
703 4253 906 4328 advocatus.
930 4257 1054 4328 Nullus
1077 4257 1182 4329 etiam
1206 4257 1296 4329 alius
1313 4278 1419 4350 quam
1443 4277 1633 4352 yconomus
1652 4255 1796 4329 ecelesia
1814 4257 1871 4328 cui

464 4378 648 4450 commissa
663 4377 791 4449 luerim
807 4379 881 4473 ipea
898 4379 1008 4468 bona,
1026 4389 1227 4474 potestatem
1242 4379 1367 4454 babeat
1386 4381 1423 4451 in
1442 4380 1509 4452 illis
1524 4379 1656 4474 aliquid
1671 4378 1867 4452 ordinandi.

463 4499 519 4572 Ad
533 4501 600 4573 bec
615 4501 789 4574 libertates
802 4502 928 4596 pariter
942 4503 1132 4576 ethonores
1143 4525 1321 4576 concessos
1333 4503 1487 4598 predicte
1501 4502 1643 4575 ecclesie
1654 4512 1688 4575 et
1697 4504 1871 4577 canonicis

465 4621 613 4694 illibatos
625 4645 694 4696 non
709 4625 822 4696 solum
837 4645 1053 4716 conservare,
1071 4627 1251 4700 sedetiam
1265 4628 1345 4699 totis
1364 4627 1487 4699 nostris
1504 4625 1686 4698 desideriis
1704 4627 1869 4722 ampliare

466 4745 647 4837 volumus3
667 4755 854 4820 statuentes
869 4757 909 4820 ut
922 4750 1024 4840 juxta
1042 4760 1191 4824 tenorem
1210 4750 1383 4844 privilegii
1399 4750 1539 4822 alterius
1551 4747 1646 4844 quod
1660 4747 1805 4822 indulsit
1819 4753 1870 4824 eis

467 4868 649 4963 imperator
659 4871 847 4967 predictus,
864 4873 900 4944 in
919 4875 1074 4946 curtibus
1087 4875 1328 4947 claustralibus
1339 4874 1393 4946 vel
1408 4875 1444 4945 in
1463 4873 1623 4947 domibus
1635 4875 1870 4950 nullusadvo-
