4859 6359
625 868 687 931 572
1150 868 1322 932 nunulcl
1346 868 1516 933 SEP'l'lbss
1848 866 1928 951 [Ass.
1946 867 2032 930 1239-

628 999 848 1074 excludimus
865 1001 957 1095 ipsos
974 1022 996 1074 a
1012 1001 1260 1095 gratianum,
1278 1025 1384 1097 quam
1398 1023 1467 1075 nou
1481 1009 1739 1095 consequentur
1755 1000 1822 1073 nisi
1839 1001 1976 1073 solvant
1992 999 2039 1075 de

627 1124 776 1221 pecunia
794 1123 894 1196 nobis
916 1124 1038 1197 datura
1061 1125 1144 1220 ipsis
1170 1126 1318 1221 inposita
1335 1138 1370 1199 ot
1391 1127 1558 1219 injuncta.
1578 1127 1623 1197 Et
1638 1135 1755 1198 tamon
1772 1124 1875 1198 uobis
1887 1124 2039 1220 precipi-

628 1268 707 1319 mus
724 1267 786 1342 per
804 1248 948 1340 gratiam
967 1258 1117 1322 nostram
1132 1258 1172 1321 ut
1196 1251 1291 1347 ipsos
1309 1250 1411 1324 adid
1433 1250 1662 1346 compellatis,
1682 1248 1930 1322 nichilominus
1946 1249 2040 1344 ipsos

629 1391 652 1442 a
666 1378 780 1443 vestro
794 1370 969 1445 oonsorcio
982 1371 1208 1445 excludentes
1219 1385 1396 1467 nmquam
1412 1373 1553 1447 frivolos
1565 1382 1699 1447 nostros
1713 1382 1749 1447 et
1763 1372 1899 1468 imperii
1909 1380 1946 1445 et
1955 1392 2039 1445 oon·

544 1586 548 1591 Ι
629 1502 800 1584 tumaces,
819 1492 1039 1568 vendicando
1050 1495 1142 1569 bona
1159 1497 1313 1591 ipsorum
1330 1505 1446 1569 nostre
1462 1496 1633 1593 potestati.

676 1617 801 1691 Datum
813 1618 909 1714 apud
925 1618 1070 1715 Egram,
1091 1619 1250 1693 kalendis
1260 1619 1358 1712 julii,
1376 1618 1568 1694 indictione
1582 1620 1636 1691 V·.

426 2203 602 2314 offla:
681 2183 888 2295 Henricus‚
923 2185 1183 2270 Romanorum
1209 2213 1299 2296 rex,
1345 2187 1444 2271 cives
1477 2187 1769 2297 Ratisponenses
1800 2190 1841 2270 in
1873 2192 2036 2300 gratiam

627 2342 738 2400 suam
755 2318 892 2402 iterum
911 2320 1114 2429 recipienS‚
1133 2347 1202 2429 per
1219 2322 1379 2405 nuncios
1394 2346 1529 2405 eorum
1546 2322 1706 2405 modum
1723 2322 1779 2405 eis
1796 2323 2033 2431 praescribit,

627 2475 705 2559 quo
723 2476 770 2533 ex
796 2453 981 2535 sententia
997 2452 1213 2563 principum
1230 2479 1301 2562 pro
1319 2454 1529 2537 temeritate
1553 2479 1688 2538 eorum
1717 2455 1759 2535 in
1782 2480 1824 2538 se
1840 2454 1941 2538 secta
1963 2480 2034 2537 sa-

626 2581 829 2665 tisfaciant.
901 2670 905 2678 ,

706 2808 800 2883 (Edit.
817 2827 867 2888 ap.
884 2810 1017 2874 Monam.
1032 2812 1124 2889 Boin,
1138 2818 1211 2875 tom.
1226 2814 1334 2908 xllx,
1347 2830 1415 2893 porr
1429 2815 1467 2890 1¹,
1481 2823 1516 2877 u·
1531 2824 1601 2895 tu,
1613 2832 1645 2895 p.
1661 2824 1737 2898 rot,
1751 2832 1790 2878 ex
1802 2816 1938 2895 sepnor
1957 2816 2037 2877 unde

747 2918 879 2995 slglllum
900 2918 990 2979 valde
1009 2918 1121 2981 laesum
1144 2920 1290 2998 appendet
1312 2936 1351 2981 ex
1372 2926 1523 2999 segmemo
1542 2920 1777 2984 membranaceo.
1788 2920 2037 2983 -blemorutum

746 3039 864 3102 quoque
876 3040 896 3085 a
909 3022 1080 3101 Generum,
1099 3024 1237 3107 Reperti.
1254 3024 1471 3102 Stadtclrontt,
1484 3026 1512 3102 1,
1526 3036 1602 3102 oto,
1616 3029 1650 3089 lu
1666 3025 1763 3103 notu.)

673 3214 901 3315 H[einricus],
928 3220 990 3291 Dei
1014 3220 1123 3313 gratia
1145 3220 1376 3294 Romanorum
1393 3240 1458 3294 rex
1479 3228 1515 3294 et
1536 3241 1672 3316 semper
1686 3228 1872 3314 augustus,
1899 3217 2034 3293 dilectis

629 3338 790 3414 fidelibus
823 3342 898 3414 suis
916 3341 1111 3435 judicibus,
1138 3345 1280 3417 oonsilio
1307 3355 1341 3417 et
1367 3345 1540 3417 universis
1564 3342 1703 3417 civibus
1728 3343 2034 3439 Ratisponensibus

625 3466 773 3559 gratim
787 3486 885 3538 suam
903 3476 937 3538 et
950 3488 1053 3542 omne
1066 3468 1210 3540 bonum.
1225 3468 1466 3541 Ammovimus
1483 3466 1674 3541 funditusa
1689 3466 1921 3541 cordeuostm
1931 3466 2030 3559 iram,

625 3588 746 3665 odium
762 3596 797 3663 et
815 3610 993 3663 rancorem
1014 3612 1117 3685 quem
1131 3612 1194 3686 pro
1210 3591 1460 3687 multiplicibus
1476 3592 1677 3665 excessibus
1694 3602 1812 3667 eontra
1828 3611 1893 3665 ros
1906 3612 2035 3665 conoe-

625 3733 799 3811 pommus,
815 3711 938 3787 dantes
944 3712 1045 3786 vobis
1059 3714 1202 3808 gratiam
1209 3723 1360 3787 noscam
1369 3714 1666 3810 quemadmodum
1680 3717 1787 3789 vestri
1800 3715 1919 3788 nuncii
1930 3716 2034 3789 vobis

626 3835 950 3911 dicentrivavoce.
971 3835 1029 3910 Ad
1044 3857 1192 3931 quorum
1208 3837 1391 3911 instantem
1414 3838 1679 3933 requisicionem
1701 3839 1780 3911 talis
1796 3859 1912 3912 eoram
1932 3838 2035 3911 nobis

624 3960 694 4033 lata
711 3968 764 4032 est
778 3960 946 4033 sententia
956 3966 992 4033 et
1005 3960 1051 4032 ab
1069 3961 1232 4033 omuibus
1247 3962 1462 4057 principibus
1478 3972 1514 4035 et
1527 3963 1747 4056 magnatibus
1757 3962 1892 4058 imperii
1908 3982 2033 4058 appro-

625 4084 708 4159 bata
727 4110 736 4155 :
756 4083 851 4179 quod
868 4083 1015 4180 quilibet
1032 4084 1188 4159 vendens
1205 4093 1241 4159 et
1264 4107 1382 4159 emens
1405 4094 1440 4160 et
1457 4106 1582 4159 nomen
1600 4085 1797 4159 mercatoris
1808 4086 1940 4158 babens
1956 4105 2034 4179 pro·

624 4208 765 4283 missam
790 4207 891 4281 nobis
905 4207 1088 4303 pecuniam
1111 4210 1414 4304 pmporcionaliter
1436 4210 1588 4284 solveret
1609 4228 1716 4305 quam
1737 4207 1851 4281 daturi
1872 4208 1955 4280 estis
1970 4226 2033 4302 pro
2058 4228 2070 4237 ·

625 4334 891 4430 recuperacione
908 4333 1017 4428 gratie
1029 4342 1161 4425 nostre,
1180 4330 1429 4429 etquicunque
1445 4345 1583 4408 recuset
1599 4332 2033 4429 dmedepromissunobis

625 4459 774 4553 pecunia
793 4467 1009 4553 partemque
1032 4454 1145 4552 ipsum
1167 4458 1310 4550 contigit
1332 4468 1368 4531 et
1386 4458 1477 4531 sicut
1493 4458 1558 4553 ipsi
1584 4457 1688 4531 luerit
1704 4455 1908 4551 inpositum,
1936 4451 2034 4548 quod

626 4581 793 4655 exclusus
810 4582 890 4653 sita
907 4582 1019 4675 gratia
1035 4591 1149 4654 nostre
1166 4582 1368 4674 majestatis,
1397 4594 1432 4655 et
1452 4593 1569 4655 nmen
1589 4580 1815 4677 compellatur
1834 4576 2034 4651 manuforti

626 4703 673 4779 ad
689 4701 842 4775 dandum
852 4704 948 4798 quod
961 4705 1027 4801 ipsi
1042 4705 1232 4779 dinoscitur
1248 4708 1457 4803 impositum,
1475 4715 1509 4779 et
1519 4704 1664 4801 proinde
1679 4724 1809 4777 ressue
1823 4711 1939 4776 nostre
1947 4720 2035 4773 ren·

626 4828 785 4903 dicentur
808 4828 980 4922 potestati.
1006 4829 1192 4901 Statuimus
1217 4830 1323 4925 igitur
1348 4841 1384 4903 et
1407 4829 1473 4903 sub
1496 4828 1770 4903 interminatione
1793 4826 1902 4922 gratie
1917 4834 2034 4899 nostre

624 4950 834 5047 precipimus
851 4949 1045 5025 firmissime
1061 4962 1100 5023 nt
1110 4953 1139 5025 si
1154 4962 1236 5027 sunt
1248 4954 1356 5047 aliqui
1368 4954 1477 5048 quiin
1490 4952 1692 5046 hujusmodi
1706 4972 1744 5025 se
1758 4952 1869 5025 velint
1879 4950 2033 5023 eximere
