4859 6359
1126 755 1342 819 snloeulcl
1365 756 1540 818 suctum
1849 758 1931 837 [An.
1948 758 2033 822 123.

848 1045 1370 1058 ”affl—*w-
1376 1047 1778 1056 -n———n—-m———m
1785 1047 1810 1055 -ι

459 1335 588 1441 wem„
688 1325 923 1430 FrideriouS,
962 1323 1224 1408 Romanorum
1258 1325 1486 1436 imperator,
1528 1325 1676 1409 civibus
1719 1327 1768 1409 de
1804 1325 2039 1434 Oppenheim

489 1445 560 1540 ‘lut
636 1459 829 1543 nundinas
853 1483 1001 1542 annuas
1024 1459 1074 1541 ab
1095 1468 1228 1543 octava
1252 1457 1417 1544 Paschae
1434 1457 1569 1543 diebus
1586 1459 1875 1570 quatuordecim
1891 1459 2039 1544 solem-

639 1595 739 1676 niter
764 1593 993 1676 exercendas
1021 1592 1211 1698 concedit,
1236 1600 1274 1676 et
1299 1593 1517 1676 accedentes
1532 1593 1583 1675 ad
1608 1595 1762 1676 easdem
1779 1591 1853 1675 sub
1883 1601 2039 1701 protec-

636 1726 738 1810 tione
755 1751 826 1809 sua
841 1724 985 1834 recipit.

724 1953 850 2032 (lnedlt.
870 1969 909 2014 ex
928 1953 1064 2032 odglnall
1081 1955 1114 2014 ln
1135 1952 1256 2014 archlro
1275 1951 1513 2026 Darmstadcnsl,
1536 1956 1621 2032 culus
1640 1953 1772 2032 stglllum
1788 1969 1858 2015 cum
1876 1951 1937 2015 uls
1954 1953 2043 2014 slmul

759 2060 896 2121 avulsum
908 2065 965 2138 est,
975 2075 1154 2140 pergamena
1165 2067 1314 2122 coetuum
1325 2061 1513 2138 lntegurtmc
1523 2065 1555 2121 et
1565 2059 1758 2122 ultldtsstmac
1769 2059 1954 2140 scripturae.)

691 2263 729 2334 ln
745 2261 885 2334 nomine
900 2269 1019 2334 sancte
1040 2268 1074 2332 et
1098 2257 1281 2334 individue
1305 2259 1491 2333 Trinitatis.
1509 2260 1704 2334 Fridericus
1728 2259 1904 2334 mundus
1924 2261 2044 2335 divina

642 2387 781 2460 tarento
798 2385 977 2458 clementia
994 2384 1224 2456 Romanorum
1245 2384 1429 2479 imperator
1440 2405 1579 2479 semper
1592 2395 1779 2479 augustus,
1808 2384 1995 2458 Jerusalem
2009 2393 2046 2457 et

644 2509 757 2584 Sicilie
770 2530 848 2581 rex.
866 2509 962 2582 lusto
978 2507 1158 2581 consuevit
1169 2507 1356 2602 imperialia
1369 2507 1561 2580 sublimitas
1575 2507 1779 2582 devotorum
1796 2508 1932 2603 imperii
1944 2529 2045 2580 com-

644 2633 800 2707 moditati
819 2632 1027 2728 prospicere,
1043 2631 1171 2726 quibos
1186 2631 1271 2704 dum
1289 2631 1497 2727 prospicitur
1509 2632 1752 2704 nichilominus
1765 2631 1900 2726 imperii
1916 2632 2045 2727 prolec-

644 2757 738 2832 tibus
765 2755 966 2853 providetur
991 2757 1187 2830 alternans
1218 2755 1359 2830 devotio
1379 2756 1597 2830 subditorum
1627 2757 1718 2829 circa
1737 2757 1875 2851 imperii
1906 2755 2046 2830 servitia

648 2881 837 2958 terrentius
851 2879 1057 2954 exardescit.
1079 2881 1150 2953 llac
1168 2881 1342 2976 siquidem
1354 2881 1627 2956 consideratione
1640 2881 1754 2972 ducti,
1779 2891 2047 2975 tenorspresen·

645 3009 733 3082 tium
744 3016 863 3080 notum
874 3027 950 3078 esse
965 3005 1127 3078 volumus
1138 3013 1208 3078 tam
1221 3005 1438 3101 presentibus
1449 3027 1556 3099 quam
1567 3004 1693 3078 futuris
1712 3005 1808 3098 qnod
1824 3005 1998 3077 constituti
2011 3006 2048 3076 in

650 3141 766 3206 nostra
775 3130 946 3227 presentia
957 3129 1051 3202 cives
1064 3130 1108 3202 do
1123 3128 1344 3225 Oppenhein,
1358 3127 1478 3204 lidales
1489 3129 1611 3220 nostri,
1627 3138 1741 3204 nostra
1756 3129 1953 3202 eelsitudini
1966 3152 2049 3226 sup-

650 3257 823 3356 plicarunt
837 3263 877 3328 ut
894 3253 978 3350 quia
991 3253 1200 3348 expediebat
1215 3253 1283 3344 ais,
1303 3252 1351 3326 ad
1369 3252 1644 3348 promovendam
1659 3261 1787 3326 sutum
1804 3274 1897 3328 nove
1915 3254 2049 3328 habita·

649 3381 751 3454 tionis
776 3399 912 3466 eorum,
935 3377 1020 3471 ipsis
1049 3385 1084 3450 et
1110 3377 1242 3450 civitati
1271 3385 1386 3449 nostre
1413 3376 1460 3448 de
1488 3375 1690 3473 Oppenhein
1718 3398 1853 3450 annuas
1878 3377 2051 3451 nundinas

650 3503 832 3596 indulgere
851 3511 885 3573 et
899 3498 1088 3574 concedere
1112 3498 1158 3572 do
1180 3509 1297 3572 nostra
1315 3501 1426 3596 gratia
1446 3499 1687 3594 dignaremur,
1711 3501 1858 3595 singulis
1881 3501 1982 3574 annis
2005 3501 2052 3576 ab

650 3637 773 3702 octava
783 3625 913 3698 Pasobe
929 3625 1053 3698 diebus
1067 3624 1329 3718 quatuordecim
1345 3624 1541 3697 solemniter
1552 3623 1777 3698 merenda.
1794 3625 1864 3698 Nos
1877 3625 1983 3720 igitur
1995 3634 2053 3700 at-

651 3750 829 3826 tendentes
843 3748 1029 3822 novitatem
1050 3745 1216 3819 incolatus
1230 3767 1351 3819 eorum
1370 3757 1405 3820 et
1426 3745 1523 3840 quod
1541 3757 1651 3821 status
1670 3749 1818 3821 civitatis
1837 3747 1994 3841 ejusdem
2007 3751 2053 3823 do

650 3875 742 3948 bono
757 3875 794 3946 in
811 3873 934 3944 melius
949 3878 1132 3964 augeatur,
1161 3869 1421 3944 considerantes
1434 3871 1536 3944 etiam
1557 3871 1728 3945 sinceram
1749 3869 1854 3944 fidem
1877 3882 1914 3944 et
1930 3895 2052 3968 puram

658 3998 875 4072 devotionem
893 4017 998 4090 quam
1014 4015 1095 4088 erga
1112 4014 1174 4066 nos
1188 4003 1224 4066 et
1244 3993 1426 4089 imperium
1440 3993 1583 4086 habent,
1603 4015 1739 4068 necnon
1753 4004 1790 4068 et
1806 4004 1904 4086 grata
1917 3995 2056 4070 servitia

652 4144 721 4218 que
734 4119 881 4194 fideliter
896 4119 1131 4192 exbibuerunt
1145 4116 1311 4191 hactenus
1322 4127 1357 4190 et
1373 4118 1541 4192 exhibent
1556 4121 1764 4193 incessanter
1778 4129 1892 4214 etque
1904 4121 1939 4192 in
1954 4129 2055 4194 antea

653 4245 795 4320 culmini
820 4254 936 4318 nostro
957 4241 1123 4316 exhibere
1149 4250 1310 4336 poterunt
1326 4241 1492 4336 gratiora,
1522 4242 1597 4316 suis
1619 4243 1724 4335 justis
1747 4243 2057 4339 supplicationibus

655 4377 864 4461 annuentes,
893 4369 939 4443 dc
966 4367 1083 4440 innata
1105 4365 1205 4439 nobis
1241 4365 1507 4440 mansuetudine
1531 4366 1752 4461 indulgemus
1778 4377 1813 4440 et
1834 4367 2058 4441 concedimus

655 4495 786 4569 eisdem
801 4492 938 4568 civibus
950 4499 985 4565 et
999 4489 1129 4564 civitati
1142 4496 1259 4562 nostre
1272 4487 1319 4562 de
1328 4489 1531 4585 Oppenhein
1544 4489 1717 4586 predictas
1727 4490 1901 4563 nundinas
1912 4489 2058 4584 singulis

654 4617 755 4690 anuis
781 4615 1018 4711 prenominato
1042 4623 1196 4708 tempore
1218 4611 1472 4704 observandas,
1504 4632 1624 4685 omnes
1644 4611 1691 4684 ad
1717 4611 1857 4684 easdem
1883 4610 2059 4684 nundinas

653 4739 856 4814 accedentes
871 4737 1000 4830 eundo,
1013 4735 1181 4810 morando
1193 4743 1228 4808 et
1237 4733 1416 4809 redeumb
1430 4757 1511 4808 cum
1525 4734 1681 4831 personis
1690 4743 1725 4807 et
1741 4733 1845 4808 rebus
1859 4733 2060 4830 recipientes

654 4863 720 4936 snb
737 4873 853 4936 nostra
868 4871 903 4935 et
918 4861 1052 4957 imperii
1068 4859 1278 4934 detensionis
1294 4858 1406 4955 gratia
1420 4858 1583 4954 speciali3
1609 4859 1814 4932 mandantes
1831 4867 1868 4933 et
1888 4857 2062 4954 presentis
