4859 6359
440 779 540 840 luuram
557 777 601 854 9.]
892 776 1091 838 HISTORIA
1115 770 1407 836 uleuoltaulca
1794 774 1852 836 821

442 935 520 984 rum
538 911 743 1008 imperatore
758 932 896 1007 semper
914 921 1083 1005 augusto,
1110 909 1298 982 Jerusalem
1317 915 1352 980 et
1368 905 1482 978 Sicilie
1499 927 1599 1000 rege,
1622 904 1767 980 llomani
1789 909 1853 980 im·

441 1035 529 1132 perii
550 1037 626 1128 ejus
638 1055 731 1108 anno
743 1035 856 1125 XVll,
877 1036 1063 1108 Jerusalem
1080 1033 1145 1125 Xl,
1163 1031 1261 1126 regni
1280 1050 1362 1104 vero
1375 1029 1489 1104 Sicilie
1503 1029 1677 1120 XXXVII,
1697 1031 1852 1106 feliciter.
1953 1088 1962 1103 .

440 1157 567 1230 Amen.

491 1283 617 1354 Datum
633 1279 728 1376 apud
743 1279 1016 1371 Columbariam,
1036 1299 1143 1370 anuo,
1161 1297 1281 1351 mense
1295 1286 1331 1350 et
1347 1275 1536 1350 indictione
1546 1277 1754 1374 prescriptis.

669 1582 706 1594 .-
712 1579 1627 1594 -ῥ-ο---αψ--ι--η---ηο-ιηι--α-ωωω-ο---ο

494 1848 724 1956 Fridericus‚
736 1847 997 1931 Romanorum
1014 1847 1234 1956 imperator,
1248 1845 1385 1930 ciuium
1406 1845 1739 1956 Argentinensium
1752 1875 1853 1932 mer·
1892 1862 2034 1972 5⁴23„th

439 1982 607 2064 cimonia
632 2007 701 2092 per
727 1981 929 2092 imperium
955 1981 1174 2064 devehenda
1204 1981 1244 2060 in
1272 2006 1382 2064 suam
1408 1988 1446 2062 et
1471 1979 1617 2090 imperii
1650 1981 1849 2092 specialem
1906 1971 2014 2012 ’Μ’

440 2112 600 2196 tutelam
619 2113 788 2222 suscipit.

523 2327 625 2408 (Edld.
644 2327 844 2404 Scnoanrnnr,
858 2325 951 2390 Alrat.
966 2325 1125 2408 diplomat,
1140 2333 1213 2388 tom.
1230 2329 1256 2402 l,
1271 2344 1303 2405 p.
1320 2326 1404 2407 att.)

490 2514 697 2606 Fridericus,
721 2515 783 2588 Dei
806 2514 916 2610 gratia
931 2515 1161 2588 Romanorum
1180 2515 1365 2609 imperator
1383 2534 1519 2610 semper
1538 2524 1724 2610 angustus,
1743 2519 1848 2590 Jeru-

441 2638 549 2710 salem
564 2647 598 2711 et
614 2637 728 2711 Sicilie
743 2659 824 2730 rex,
846 2637 1017 2710 universis
1034 2645 1209 2733 presentes
1227 2637 1355 2710 litteras
1373 2637 1580 2732 inspecturis
1601 2637 1762 2713 fidelibus
1775 2642 1848 2714 suis

439 2760 585 2854 gratiam
598 2771 744 2835 suamet
760 2782 862 2834 omne
884 2761 1028 2833 bonnm.
1054 2761 1299 2855 Supplicarunt
1315 2759 1509 2832 celsitudini
1530 2771 1644 2834 nostra
1671 2764 1766 2837 cives
1779 2765 1849 2838 Ar·

439 2884 660 2978 gentinenses
677 2883 797 2958 lideles
812 2884 918 2958 nostri
936 2893 975 2956 nt
993 2884 1086 2980 ipsos
1102 2883 1138 2955 in
1158 2883 1303 2980 imperio
1318 2891 1433 2956 nostro
1456 2905 1536 2956 cum
1552 2885 1706 2981 ipsorum
1721 2889 1849 2961 merci-

438 3005 564 3080 moniis
590 3007 814 3104 procedentes
834 3007 900 3080 enb
927 3015 1099 3081 nostrast
1123 3007 1259 3102 imperii
1287 3006 1496 3080 detensionis
1522 3009 1666 3102 gratiam
1694 3011 1848 3107 recipere

440 3130 675 3226 dignaremur.
696 3131 765 3204 Nos
777 3131 882 3226 igitur
898 3132 1051 3228 ipsorum
1065 3129 1374 3226 supplicationibus
1388 3130 1555 3224 inclinati,
1569 3132 1741 3228 predictos
1752 3135 1847 3210 cives

439 3276 520 3326 cnm
539 3255 693 3350 ipsorum
713 3255 942 3328 mercimoniis
961 3275 1022 3350 por
1038 3254 1222 3350 imparium
1238 3252 1459 3350 procedentes
1473 3264 1541 3326 tem
1559 3255 1594 3326 in
1615 3257 1715 3352 aquis
1740 3281 1845 3354 quam

440 3379 477 3450 in
495 3378 591 3450 terris
606 3399 685 3451 cnm
700 3378 852 3474 personis
865 3387 899 3451 et
915 3378 1022 3453 rebus
1038 3378 1110 3450 enis
1123 3377 1188 3451 sub
1207 3387 1321 3451 nostra
1338 3388 1373 3451 et
1392 3379 1526 3476 imperii
1549 3382 1731 3454 securitate
1749 3405 1845 3458 rece·

438 3501 556 3598 pimus
583 3502 739 3597 speciali3
768 3502 984 3575 universitati
1012 3511 1125 3575 vestra
1155 3500 1356 3574 mandantes
1383 3511 1418 3574 et
1445 3524 1505 3598 per
1532 3502 1709 3576 obtentum
1736 3508 1846 3600 gratie

437 3633 553 3698 nosue
566 3623 706 3696 firmiter
718 3625 944 3721 precipientes
958 3634 1131 3720 qnatenus
1146 3627 1263 3698 nullus
1281 3626 1325 3698 sit
1342 3627 1401 3720 qui
1423 3627 1595 3722 predictos
1615 3629 1710 3703 circs
1728 3640 1845 3706 contra

373 3847 375 3852 ,
436 3747 605 3844 presentis
629 3748 820 3822 securitatis
844 3759 959 3822 nostre
985 3749 1147 3844 paginam
1176 3770 1238 3846 per
1265 3749 1446 3846 imperinm
1475 3760 1631 3823 nostrum
1666 3775 1745 3824 cnm
1772 3753 1846 3826 suis

436 3869 670 3946 mercimoniis
691 3873 914 3968 procedentes
940 3873 976 3944 in
1004 3873 1107 3946 rebus
1125 3882 1301 3969 presumat
1330 3873 1447 3947 ledere
1470 3875 1526 3948 vol
1551 3877 1718 3972 personis.
1742 3877 1845 3964 Quod

435 3995 498 4090 qui
517 3997 782 4093 presumpserit,
802 3997 989 4090 majestatis
1008 4005 1121 4070 nostre
1139 3997 1354 4071 offensamse
1372 3999 1507 4071 noverit
1519 3999 1750 4073 incursurum.

484 4121 609 4193 Datum
627 4120 721 4217 apud
734 4122 952 4215 Hagenowe,
972 4121 1118 4217 septimo
1132 4122 1263 4214 martii,
1283 4143 1376 4196 none
1390 4121 1598 4196 indictionis.
1622 4135 1628 4146 ‘

1388 4442 1575 4452 ›n-——n——uooe
1580 4442 1631 4454 ...-

490 4703 721 4816 Fridericus‚
758 4708 1019 4795 Romanorum
1059 4711 1284 4820 imperator,
1314 4710 1364 4794 ad
1399 4709 1711 4819 supplicationem
1746 4711 1846 4794 Petri
1889 4741 2037 4849 ὥς.

436 4835 737 4949 Raoeburgensis
768 4843 931 4953 episcopi
964 4843 1030 4954 qui
1067 4843 1329 4929 investituram
1360 4841 1626 4952 temporalium
1657 4843 1846 4929 bonorum
1913 4851 2003 4893 ”³²¹⁰-
2021 4822 2038 4850 '‘
