4859 6359
434 816 531 878 turn.
548 815 593 892 Ἰ.)
879 815 1077 880 HISTORIA
1100 813 1393 876 urvuouerlcll.
1781 817 1840 880 651

432 949 666 1022 Frnnlreuvort
688 970 770 1022 cnm
793 950 1061 1048 nrmiepiscapis
1080 960 1117 1024 et
1140 950 1314 1046 episcopis
1338 971 1450 1044 usqne
1476 949 1523 1024 nd
1549 952 1644 1037 XXV
1668 961 1710 1024 et
1725 953 1842 1026 multis

431 1071 572 1168 imperii
600 1071 819 1167 principibus
848 1072 919 1170 (l),
953 1073 1083 1149 dunde
1115 1074 1290 1148 dominica
1311 1075 1429 1146 lature
1455 1076 1641 1148 luciolum
1669 1073 1722 1171 (2)
1746 1076 1842 1172 npnd

431 1194 647 1288 Mogontiam
667 1196 948 1271 examinavimus
966 1199 1127 1272 cnmitsm
1143 1197 1342 1272 Seinsnsem
1359 1207 1395 1271 et
1414 1199 1499 1272 alios
1516 1199 1562 1273 de
1579 1199 1709 1294 quibus
1725 1198 1843 1274 habita

433 1326 487 1392 est
501 1319 651 1412 questio,
668 1328 705 1392 et
725 1321 941 1410 restituimus
960 1343 1021 1396 eos
1043 1324 1136 1396 ierne
1158 1331 1195 1395 et
1218 1321 1503 1416 possessionibus.
1529 1321 1755 1396 Mendacibns
1780 1345 1843 1418 pro

433 1442 584 1537 pujurin
608 1443 764 1536 injuncta
782 1453 836 1518 est
851 1446 1042 1540 penitentia
1057 1446 1283 1542 septennalis;
1303 1467 1364 1520 eos
1384 1447 1444 1542 qni
1470 1447 1670 1520 inn'ocsntes
1694 1467 1843 1520 neoma-

433 1573 572 1653 verant,
591 1565 638 1639 ad
659 1565 766 1662 pedes
784 1567 918 1642 domini
934 1591 1024 1666 pape
1045 1571 1316 1660 transmisimus;
1339 1571 1401 1666 qni
1416 1571 1617 1665 magistrum
1629 1570 1841 1644 conrardum

432 1688 632 1762 occiderant
645 1692 938 1765 exeommunicati
955 1703 1054 1783 snnt;
1075 1691 1121 1766 de
1136 1693 1255 1788 pneris
1276 1693 1489 1766 scholaribus
1512 1694 1574 1787 qui
1596 1715 1676 1766 curn
1697 1694 1773 1768 aliis
1795 1694 1842 1768 ad

432 1813 547 1906 ignem
564 1824 823 1907 concurrerunt,
845 1815 1023 1910 inquisitio
1039 1817 1070 1890 si
1087 1817 1157 1888 sint
1170 1817 1394 1910 irregulareea
1419 1816 1464 1890 de
1479 1818 1677 1890 innocenter
1697 1821 1841 1892 mortuis

430 1939 587 2033 queritur
606 1940 788 2012 eonsilium
802 1945 943 2035 papa.»
1479 1958 1483 1979 ¹
1832 1971 1836 1980 ·

479 2061 574 2146 Quid
598 2061 731 2134 adhoc
756 2062 920 2136 dominns
943 2083 1035 2158 papa
1064 2063 1277 2156 rescripserit
1305 2061 1460 2136 nondum
1486 2063 1632 2155 scimus,
1656 2065 1723 2138 nisi
1745 2065 1841 2160 qnod

432 2185 583 2280 poenitet
599 2207 682 2258 eum
697 2186 781 2258 satis
793 2185 892 2280 quod
909 2195 1039 2260 tanum
1052 2186 1148 2260 doto
1165 2187 1331 2280 magistro
1352 2185 1526 2260 Conrardo
1543 2196 1744 2282 potestatem
1758 2213 1842 2286 per-

430 2310 576 2401 miserit,
598 2310 693 2383 nnde
716 2310 795 2382 talis
811 2311 971 2382 conlusio
997 2310 1173 2383 emerserit
1195 2311 1261 2404 (3).
1285 2311 1430 2406 Insuper
1453 2311 1543 2384 visio
1564 2309 1837 2405 quaedamvim

431 2441 483 2508 est
499 2434 534 2504 in
550 2432 754 2506 Alamannia
774 2432 820 2506 de
840 2440 945 2526 novo,
962 2453 1024 2528 per
1040 2455 1147 2528 quam
1163 2433 1346 2526 conjicitur
1360 2434 1565 2529 qnodideru
1585 2433 1779 2508 Conrardus
1795 2437 1839 2509 sit

429 2555 630 2646 damnatus,
648 2566 715 2631 etc.

647 2824 1631 2837 ——n-——u-o——o-ou-o--o-——n——ffl

483 3072 688 3182 llenrieus,
725 3071 987 3190 Romanorum
1017 3098 1109 3178 rex,
1137 3071 1313 3154 ministro
1348 3082 1386 3155 el
1423 3059 1644 3156 bominibus
1680 3073 1839 3158 Uraniae
1910 3145 1948 3187 „0

429 3205 591 3287 mandat
616 3186 735 3288 ut‘ab
759 3205 981 3288 bominibus
1006 3204 1163 3288 claustri
1189 3205 1238 3287 de
1262 3203 1482 3312 Wettingen
1509 3203 1656 3290 nullam
1682 3232 1838 3321 prorsus
1932 3200 1972 3232 ⁸¹

427 3340 661 3422 exactionem
678 3339 737 3422 vel
755 3340 965 3449 precariam
983 3339 1192 3448 requirant.

509 3579 607 3657 (Edit.
621 3597 671 3658 ap.
684 3581 833 3659 Timum,
850 3578 982 3641 Choria.
995 3575 1124 3654 Hebes,
1139 3585 1163 3640 t.
1178 3580 1212 3658 1,
1225 3595 1257 3656 p.
1277 3577 1359 3658 teo.)

463 3867 500 3941 (t)
518 3867 559 3925 (lt.
575 3881 669 3940 supra,
683 3884 712 3941 p.
723 3870 792 3935 630,
806 3873 835 3922 et
847 3866 955 3923 nomina
964 3866 1071 3923 testium
1084 3884 1114 3939 p.
1130 3869 1183 3924 632
1192 3867 1292 3924 stell.

455 3965 494 4038 (9)
513 3963 621 4022 Seilirnt
632 3969 728 4038 qumta
740 3961 959 4038 quadragesimae
972 3963 1104 4022 dominica
1117 3966 1150 4040 (2
1161 3963 1277 4038 aprilis),
1293 3979 1376 4036 quum
1390 3963 1442 4020 boc
1455 3979 1525 4021 anno
1537 3963 1656 4022 Paschae
1668 3961 1750 4021 indie
1765 3961 1836 4022 vice-

423 4063 491 4119 sima
502 4063 582 4119 tertia
595 4061 686 4135 aprilis
698 4061 855 4120 inciderant.

458 4161 497 4232 (3)
514 4160 587 4229 Quid
604 4175 676 4234 papa
697 4175 779 4233 super
796 4160 841 4218 bis
858 4159 1026 4230 deereveril‚
1046 4175 1080 4216 ex
1096 4157 1247 4216 muco
1266 4157 1506 4216 Wormoliensilrur
1527 4159 1624 4232 partim
1644 4159 1835 4232 comperimus.

425 4259 576 4332 Postquam
586 4257 701 4316 Conndi
713 4257 749 4314 de
763 4256 889 4330 llarburg
901 4262 929 4314 el
944 4256 1078 4314 sociorum
1090 4256 1149 4329 ejus
1161 4271 1257 4314 necem
1270 4255 1416 4328 audiverit,
1435 4256 1463 4312 in
1483 4255 1634 4330 praesentia
1651 4256 1806 4312 nuntiorum
1815 4271 1836 4312 a

420 4355 588 4429 principibus
597 4354 771 4411 Alamanniae
785 4355 820 4411 ad
830 4353 932 4411 curiam
946 4354 1091 4413 itomanam
1106 4353 1257 4424 missorum,
1271 4353 1338 4410 dixit
1350 4371 1358 4408 :
1375 4374 1388 4407 u
1400 4352 1471 4410 Ecce
1483 4352 1623 4410 Alemanni
1639 4368 1746 4426 semper
1759 4357 1836 4409 erant

421 4453 531 4522 furiosi,
546 4457 576 4509 et
592 4452 653 4508 iden
669 4467 742 4507 nune
760 4451 898 4508 habebant
907 4451 1012 4523 judiees
1028 4451 1177 4509 furiosos.»
1194 4451 1253 4508 ‹llt
1265 4451 1356 4508 statim
1369 4449 1497 4524 expeditis
1513 4450 1644 4508 nuntiis...
1653 4445 1771 4521 jocunde
1787 4465 1835 4508 eos

423 4551 541 4619 rennuit,
555 4545 670 4607 firmiter
690 4547 841 4606 inhibendo·
851 4565 888 4606 ne
905 4549 1055 4607 mutandae
1070 4550 1138 4607 tales
1153 4563 1275 4623 unquam
1291 4553 1474 4618 servarentur,
1492 4547 1539 4604 sed
1556 4552 1709 4604 senebruno
1726 4548 1835 4606 Petrum

427 4655 561 4708 usuum
571 4647 728 4722 scripturae
743 4647 828 4710 verius
841 4651 871 4715 et
887 4649 1009 4708 instituta
1022 4663 1140 4721 unqunn
1152 4649 1181 4704 in
1195 4653 1355 4721 perpetuum
1366 4661 1448 4718 super
1460 4644 1680 4722 ulbmnsgouis
1692 4651 1835 4718 quantun-

423 4751 490 4819 gunt
509 4745 711 4819 inquisitionem
732 4746 944 4820 baemtioornm,
971 4746 1083 4804 miniter
1104 4746 1321 4804 observarentur.
1341 4742 1498 4800 Affirmabal
1519 4742 1601 4800 etiam
1622 4743 1746 4801 dominus
1764 4761 1834 4820 papa

423 4859 518 4902 omnes
538 4821 650 4903 clericos
672 4857 733 4903 esee
754 4846 924 4918 irregulares²
946 4846 994 4918 qui
1013 4845 1076 4902 buic
1096 4844 1168 4902 iacto
1189 4842 1378 4912 intumuerunt,
1397 4847 1589 4899 consenserunt
1606 4839 1650 4899 vel
1663 4839 1832 4900 viderunt.»

424 4943 475 5014 Ap.
488 4934 636 5014 brnen,
651 4940 758 5013 Fortu,
773 4949 793 5000 l.
808 4941 843 5014 11,
855 4957 883 5016 p.
896 4943 959 5014 t'l'l,
973 4943 1033 5000 178.
