4859 6359
608 764 670 828 894
1103 762 1319 827 reindale!
1342 762 1515 827 secundi
1836 758 1915 843 [dn.
1933 757 2018 821 lm

610 907 742 983 contm
760 894 957 1006 antiquam
974 894 1188 981 libertatem
1205 898 1314 983 novis
1336 897 1502 982 collectis
1524 903 1563 979 et
1583 892 1763 1005 precariis
1785 891 1926 977 amodo
1942 891 2022 974 im-

612 1041 736 1141 petere
753 1029 950 1113 desistant.

692 1254 817 1333 (lnedlt.
829 1270 877 1436 )ex
896 1268 1073 1333 pergamam
1089 1252 1225 1333 originali
1244 1256 1275 1315 ln
1290 1252 1428 1317 biblioth.
1447 1256 1529 1317 alrlt.
1553 1252 1763 1333 wdone,
1786 1253 1872 1329 cutm
1889 1248 2020 1328 sigillum

732 1362 826 1438 perlit.

660 1558 877 1649 Fredericus,
892 1556 956 1629 liei
975 1556 1084 1651 gratia
1102 1556 1337 1629 Romanorum
1357 1558 1540 1653 imperator
1558 1577 1694 1652 semper
1714 1560 1902 1646 augustus,
1922 1552 2020 1625 Jeru-

550 1685 556 1711 ⁸
613 1685 720 1759 salem
744 1694 780 1757 et
806 1682 932 1779 sycilie
957 1701 1035 1771 rex,
1061 1680 1268 1776 burcgravio
1295 1682 1340 1755 de
1360 1680 1558 1773 Frideberc,
1584 1680 1727 1753 sculteto
1753 1679 1799 1751 de
1817 1672 2020 1773 Oppenbcin

613 1830 747 1882 necnon
772 1806 945 1879 universis
969 1804 1125 1878 officiatis
1144 1826 1208 1899 pro
1230 1813 1382 1901 tompore
1407 1804 1599 1877 constitutis
1624 1804 1833 1897 inquorum
1856 1797 2019 1893 jurisdic-

616 1932 809 2006 tionebona
821 1930 952 2004 civium
963 1930 1244 2023 Maguntinorum
1257 1930 1321 2003 sita
1335 1938 1428 2019 sunt,
1441 1928 1603 2003 fidelibus
1615 1928 1702 2018 suis,
1716 1926 1860 2021 gratiam
1874 1945 1974 1996 suam
1985 1932 2020 1995 et

614 2078 716 2131 omne
730 2055 873 2129 bonum.
890 2056 1022 2127 Tenere
1033 2054 1245 2148 presentium
1263 2066 1377 2128 vestre
1395 2052 1552 2128 fidelitati
1569 2053 1761 2125 innoteseat
1778 2048 1875 2144 quod
1893 2048 2020 2121 consti-

613 2181 678 2253 tuti
697 2200 813 2253 coram
835 2178 936 2251 nobis
957 2178 1051 2250 cives
1068 2176 1261 2270 Magantini
1278 2176 1398 2252 fideles
1412 2178 1519 2252 nostri
1543 2174 1782 2271 significarunt
1803 2172 1902 2248 nobis
1924 2171 2020 2267 quod

614 2326 693 2377 cnm
706 2303 799 2377 bona
815 2302 968 2397 ipsorum
989 2300 1113 2395 quein
1135 2300 1260 2374 uestris
1273 2299 1403 2373 habent
1415 2298 1711 2393 iurisdictionibus
1731 2294 1796 2395 (a),
1815 2296 2020 2392 abantiquo

612 2426 658 2500 ab
672 2428 767 2499 omni
784 2424 890 2498 stiura
903 2425 955 2518 (t)
971 2432 1006 2497 et
1016 2424 1172 2519 precaria
1186 2426 1327 2498 fuerunt
1342 2425 1451 2499 libera
1466 2433 1502 2497 et
1518 2432 1696 2519 exempta,
1713 2432 1748 2496 et
1764 2420 1915 2495 maxime
1933 2432 2019 2495 tem·

616 2550 757 2648 poribus
776 2548 938 2624 diuorum
949 2556 1174 2642 augustorum
1186 2549 1245 2621 avi
1262 2548 1369 2622 nostri
1381 2547 1544 2622 Friderici
1560 2556 1594 2621 et
1607 2547 1713 2643 petris
1730 2546 1838 2619 nostri
1854 2546 2017 2635 lleinriei‚

612 2678 843 2749 Romanorum
862 2673 1076 2767 imperatoris
1095 2672 1260 2745 memorie
1275 2672 1474 2765 recolende,
1490 2694 1554 2746 vos
1568 2670 1669 2745 novis
1684 2670 1835 2743 collectis
1851 2680 1885 2742 et
1900 2691 2019 2765 preca·

614 2801 673 2872 riis
690 2799 813 2871 eadem
830 2798 920 2870 bone
945 2796 1108 2892 impetitis
1134 2804 1170 2868 et
1188 2796 1345 2888 vexatio
1372 2794 1605 2892 supplicantes
1627 2793 1822 2867 celsitudini
1845 2802 1958 2867 nostre
1982 2804 2020 2865 ut

614 2942 674 2995 eos
700 2920 736 2992 in
758 2918 890 2993 eisdem
908 2918 1010 2992 bonis
1031 2938 1152 2990 eorum
1174 2928 1293 2993 contra
1316 2917 1474 2992 eamdem
1501 2928 1675 3014 optentam
1698 2917 1889 3011 antiquitus
1910 2914 2020 2988 liber·-

613 3054 718 3119 tatem
737 3066 808 3117 non
830 3044 1103 3139 permitteremus
1126 3040 1290 3115 indebitis
1315 3042 1534 3117 exactionum
1561 3042 1807 3115 vexationibus
1833 3040 2015 3113 molestari.

613 3170 684 3242 Nos
696 3169 801 3263 igitur
816 3166 982 3239 habentes
998 3176 1190 3261 respectum
1208 3166 1254 3241 ad
1268 3165 1386 3241 fidelia
1401 3166 1545 3240 servicia
1559 3167 1689 3239 civium
1708 3164 1937 3262 predictorum
1951 3188 2020 3260 que

613 3294 714 3367 nobis
733 3292 969 3365 exbibuerunt
988 3290 1156 3363 haetenus
1177 3306 1296 3385 etque
1318 3295 1471 3365 inantea
1494 3290 1688 3365 celsitudini
1709 3297 1823 3363 nostre
1842 3298 1877 3363 et
1896 3292 2019 3363 nostris

613 3416 800 3489 heredibus
817 3424 975 3511 poteram
994 3414 1182 3499 exhibere,
1197 3436 1316 3488 eorum
1337 3414 1647 3511 supplicationibus
1668 3414 1834 3506 inclinati,
1860 3412 1950 3487 hanc
1969 3415 2019 3486 eis

614 3540 757 3633 gratiam
781 3538 948 3612 duximus
968 3536 1160 3610 faciendam
1179 3548 1218 3609 ot
1243 3541 1383 3635 antiqua
1413 3536 1657 3633 libertateque
1681 3537 1784 3611 etiam
1808 3538 2019 3635 temporibus

614 3660 784 3735 dictorum
805 3660 864 3734 aui
884 3669 919 3732 et
935 3660 1040 3754 patris
1054 3658 1160 3731 nostri
1178 3659 1338 3735 divorum
1359 3673 1584 3756 augustorum
1607 3660 1661 3734 usi
1683 3670 1776 3753 sunt,
1795 3662 1884 3735 felici
1906 3672 2018 3735 nostro

614 3795 766 3879 tempore
783 3782 958 3877 gaudeant
974 3793 1009 3856 et
1027 3792 1179 3858 utantur.
1200 3786 1415 3882 Quapropter
1432 3784 1587 3859 fidelitati
1605 3795 1718 3859 vestre
1736 3785 1940 3859 mandamus
1956 3786 2019 3858 lir-

614 3909 716 3981 miter
742 3907 968 4003 precipientes
992 3907 1157 4001 quatinus
1178 3908 1317 3982 eosdem
1339 3910 1434 3983 cives
1455 3908 1501 3982 de
1525 3908 1688 4005 predictis
1715 3908 1814 3982 bonis
1837 3930 1956 3982 eornm
1981 3910 2016 3981 in

612 4029 736 4105 vestris
761 4028 971 4102 districtibus
992 4028 1122 4103 habitis
1144 4040 1260 4107 contra
1286 4034 1462 4128 antiquam
1485 4032 1675 4105 libertatem
1692 4032 1835 4106 insolitis
1859 4042 1894 4106 et
1919 4032 2017 4108 novis

612 4153 851 4227 exactionibus
872 4153 1026 4248 precede
1043 4164 1078 4226 et
1100 4154 1205 4228 stiuue
1219 4156 1344 4230 amodo
1362 4159 1527 4251 impetere
1538 4156 1720 4230 desistatis.

658 4280 783 4350 Datum
804 4276 900 4372 apud
922 4276 1133 4371 Augustam,
1158 4300 1250 4352 enno
1275 4278 1448 4353 dominice
1473 4279 1716 4353 incarnationis
1738 4281 1916 4354 millesimo
1943 4279 2016 4354 du-

611 4401 796 4475 centesimo
815 4400 986 4474 tricesimo
1004 4412 1117 4494 sexto,
1140 4424 1258 4475 mense
1271 4404 1365 4495 julii,
1382 4424 1472 4477 none
1489 4404 1697 4479 indictionis.

650 4576 695 4657 (a)
711 4577 757 4639 lbl
769 4579 802 4639 ln
814 4580 950 4657 originali
961 4582 1103 4657 repetitur
1114 4596 1191 4659 μσς
1202 4580 1285 4659 quod
1297 4580 1438 4643 abundat.

647 4868 684 4941 (t)
702 4866 860 4928 Germanice
872 4875 967 4943 suun,
980 4869 1074 4944 gallice
1086 4871 1179 4947 impet.
