4859 6359
629 833 690 896 eea
1152 839 1324 900 ununrcr
1350 839 1520 900 snrrrur
1852 837 1932 922 [sn.
1950 840 2041 902 raas.

680 969 807 1040 Datum
825 969 920 1066 apud
932 971 1148 1063 [lagenorum
1167 994 1260 1045 anno
1282 973 1455 1048 dominice
1468 972 1710 1046 incarnationis
1719 971 1993 1064 MCCXXX11H⁰,
2011 975 2041 1046 V

631 1110 742 1164 nonas
757 1093 924 1184 octobris,
945 1092 1133 1166 indictione
1144 1094 1244 1166 44444·Ι

534 1720 568 1752 ,.
682 1656 886 1764 Henricus‚
912 1657 1171 1739 Romanorum
1197 1683 1283 1764 rex,
1308 1657 1358 1738 ad
1380 1655 1664 1766 requisitionem
1686 1655 1900 1739 abbatissae
1926 1657 2036 1739 Thu-

628 1790 804 1896 ricensis‚
826 1789 1050 1871 sententiam
1068 1816 1092 1870 a
1110 1789 1343 1898 principibus
1362 1789 1610 1899 approbatam
1631 1789 1869 1900 promulgat,
1895 1789 2034 1873 seilicet

624 1923 780 2031 quodsi
802 1921 888 2032 quis
906 1921 1064 2003 feudum
1083 1947 1196 2003 suum
1214 1948 1238 2003 e
1256 1922 1411 2004 domino
1429 1921 1533 2004 feudi
1551 1923 1589 2003 in
1609 1947 1754 2004 annum
1776 1931 1814 2004 et
1840 1923 1943 2005 diem
1965 1949 2031 2005 re-

627 2053 777 2163 quirere
794 2053 1021 2164 neglexerit,
1041 2079 1087 2135 ex
1104 2063 1196 2135 tunc
1213 2052 1371 2136 feudum
1391 2054 1440 2135 ad
1457 2053 1658 2138 dominum
1675 2065 1896 2138 revertatur.

708 2268 842 2348 (Edtder.
857 2270 1018 2346 Nauem,
1039 2269 1108 2329 Cod.
1128 2265 1246 2363 diplom
1268 2265 1472 2342 Alcameninc,
1487 2275 1511 2330 t.
1527 2271 1572 2349 11,
1583 2287 1613 2348 p.
1633 2279 1699 2331 145.
1717 2299 1756 2314 -
1772 2269 1884 2341 Pnrz,
1900 2269 2027 2330 Monam.

743 2375 822 2437 Hs'st.
837 2372 954 2449 Germ„
969 2381 994 2434 4.
1008 2374 1063 2453 IV,
1076 2391 1109 2451 p.
1124 2376 1209 2453 tot.)

671 2562 861 2646 Henrieus,
885 2561 949 2634 Dei
969 2560 1081 2655 gratia
1099 2561 1329 2634 Romanorum
1352 2579 1416 2630 rex
1441 2568 1476 2630 et
1491 2579 1627 2652 semper
1643 2566 1827 2651 angustus,
1859 2559 2029 2634 universis

623 2695 814 2780 presentem
829 2686 976 2758 litteram
986 2685 1114 2756 visuris
1131 2683 1275 2778 gratiam
1289 2703 1388 2754 snam
1411 2693 1445 2754 et
1458 2703 1560 2754 omne
1575 2682 1719 2754 bonnm.
1741 2683 1872 2756 Tenere
1886 2705 2026 2778 presen-

623 2810 708 2879 tium
720 2807 1097 2880 notnmessevolnmns
1108 2806 1279 2880 universis
1293 2806 1389 2899 quod
1402 2805 1448 2878 ad
1458 2806 1715 2899 requisitionem
1728 2806 1851 2878 dilecte
1862 2807 2027 2901 principis

622 2941 738 3004 nostre
750 2931 957 3004 venerabilis
972 2931 1143 3002 abbatisse
1160 2929 1398 3019 Thoricensis,
1418 2930 1493 3002 talis
1507 2949 1621 3002 coram
1635 2931 1816 3002 serenitate
1831 2939 1946 3003 nostra
1958 2933 2026 3003 lata

620 3064 672 3127 est
693 3057 861 3128 sententia
882 3065 961 3127 eta
987 3053 1199 3149 principibus
1222 3063 1256 3126 et
1279 3054 1499 3146 magnatibus
1523 3053 1658 3148 imperii
1683 3054 1871 3148 approbata
1899 3081 1907 3124 ε
1930 3053 2024 3148 quod

622 3178 834 3272 quicumque
847 3177 989 3250 seudum
1007 3199 1110 3248 sunm
1134 3200 1154 3250 a
1183 3177 1324 3250 domino
1348 3176 1445 3250 teudi
1471 3177 1546 3250 sive
1568 3177 1754 3250 feudatoris
1779 3178 1814 3248 in
1840 3200 1969 3250 annum
1993 3189 2027 3252 et

623 3301 718 3374 diem
736 3303 890 3397 recipere
906 3303 962 3373 vel
973 3302 1147 3396 requirere
1157 3302 1360 3396 neglexerit,
1378 3324 1425 3376 ex
1437 3301 1730 3374 tuncsendumad
1743 3299 2025 3374 dominnmtendi

623 3433 827 3514 revertatur,
843 3434 877 3498 et
890 3424 937 3498 de
946 3425 1022 3519 ipso
1035 3424 1159 3497 habeat
1172 3425 1344 3496 licentiam
1355 3434 1390 3495 et
1401 3425 1543 3496 liberam
1552 3424 1747 3496 facultatem
1758 3421 1942 3497 ordinandi
1953 3422 2027 3496 sive

623 3547 831 3642 disponendi
843 3569 907 3641 pro
924 3569 988 3620 suo
1003 3547 1143 3619 arbitrio
1162 3547 1360 3620 voluntatis.
1387 3547 1431 3618 Ut
1449 3557 1564 3620 antmn
1591 3567 1695 3640 snper
1719 3545 1921 3639 hujusmodi
1940 3567 2027 3618 sen-

622 3673 728 3744 tentia
743 3672 838 3744 nulla
856 3671 1026 3743 dubitatio
1043 3671 1123 3742 oriri
1141 3673 1264 3766 possit,
1285 3680 1476 3768 presentem
1498 3670 1656 3744 cedulam
1683 3671 1796 3764 sigillo
1818 3677 1934 3744 nostre
1951 3690 2026 3742 ma·-

619 3796 753 3886 jestatis
769 3796 914 3868 fecimus
928 3795 1093 3867 roborari.

671 3918 796 3990 Datum
815 3917 910 4013 apud
924 3919 1105 4012 Hegenan,
1127 3918 1240 4014 pridie
1258 3939 1366 3990 nonas
1382 3917 1548 4009 octobris,
1565 3915 1752 3989 indictione
1765 3915 1838 3988 VIII
1853 3913 1868 4011 (
1892 3913 1919 4011 ).

438 4482 555 4589 2:33¹„
676 4463 878 4574 Henricus,
901 4467 1159 4551 Romanorum
1178 4493 1264 4574 rex,
1289 4465 1474 4551 Landolfo
1496 4465 1763 4550 Wormatiensi
1785 4463 1902 4546 eleeto
1931 4489 2025 4572 gra-

419 4589 444 4631 1·
453 4567 584 4634 nombrt's.

656 4755 692 4830 (4)
711 4757 789 4830 Apud
802 4760 931 4833 Nengart,
946 4776 980 4818 ex
998 4759 1149 4818 indictionis
1160 4775 1287 4830 nurnero,
1302 4759 1369 4818 baec
1381 4758 1511 4816 sententia
1530 4774 1600 4816 anno
1612 4760 1681 4816 4220
1698 4773 1839 4832 perperam
1854 4753 2020 4814 adscribitur.

619 4853 704 4923 Nam,
718 4861 749 4909 ut
767 4855 884 4912 Pertzius
900 4863 1004 4927 monet,
1023 4857 1124 4914 mensis
1139 4857 1248 4913 october
1263 4855 1412 4913 indictionis
1426 4863 1535 4913 octavae
1555 4872 1609 4913 non
1627 4855 1678 4912 nisi
1698 4870 1760 4912 oum
1782 4869 1852 4912 anno
1867 4854 1936 4910 4234
1954 4867 2020 4908 con·

620 4947 705 5022 gruit3
719 4949 784 5005 dmn
797 4950 928 5008 ilenricm
940 4967 1010 5009 enno
1024 4955 1093 5011 4249
1107 4953 1135 5009 in
1149 4969 1240 5026 regem
1253 4951 1370 5010 nondum
1385 4953 1486 5012 electus
1500 4959 1581 5012 esset.
