4859 6359
356 791 457 850 lunser.
474 789 517 862 7.]
805 783 1008 844 HISTORIA
1025 778 1321 843 diplomatica
1706 775 1767 837 679

356 924 450 996 ricus
461 917 616 994 marchio
630 915 858 1010 deBurgove,
876 937 994 992 comes
1003 919 1123 1011 Εςειιο
1134 915 1359 1006 detriburg,
1376 932 1490 986 comes
1499 911 1705 984 Hertmuuus
1723 910 1767 982 de

356 1046 535 1138 Quiburg,
554 1063 669 1116 comes
683 1041 874 1115 lluodolius
894 1040 941 1116 do
954 1041 1238 1138 liuprebtswilar,
1261 1037 1440 1112 lleinricus
1455 1035 1500 1108 de
1512 1035 1643 1126 Niden,
1662 1035 1767 1108 Hein-

357 1171 451 1244 ricus
475 1168 523 1242 de
544 1169 769 1260 lieveuspurg
785 1165 974 1262 imperialis
990 1167 1071 1238 sule
1090 1163 1314 1248 camerarius,
1333 1161 1512 1237 Heinricns
1539 1159 1769 1232 msrscbalcus

357 1295 404 1370 de
416 1291 673 1382 Babbenbeim,
693 1299 730 1364 ot
741 1290 800 1363 ulii
815 1292 1051 1386 quamplures.

404 1421 533 1492 Datum
552 1413 648 1510 apud
658 1413 896 1508 Nuerinberg,
918 1435 1011 1488 anno
1027 1412 1200 1488 dominice
1218 1409 1461 1484 incarnationis
1474 1409 1523 1481 M⁰
1534 1405 1766 1498 ccxxxfflr,

356 1541 464 1616 tercio
477 1537 644 1614 kalendas
659 1538 883 1634 septembris,
904 1537 1093 1612 indictione
1110 1536 1268 1632 septime.

568 1835 963 1848 u———n———u—-u—-oa-n

408 2117 617 2224 Esuriens,
657 2121 918 2204 Romanorum
954 2145 1045 2228 rex,
1092 2120 1217 2226 Uirioo
1257 2120 1470 2230 praeposito
1510 2129 1547 2204 et
1585 2117 1767 2205 iratribus
1829 2151 1894 2234 mr
1945 2225 1951 2245 ‚

356 2252 516 2341 Sanctae
544 2253 676 2355 Crucis
708 2255 811 2363 apud
846 2254 1062 2365 Augustam
1088 2263 1245 2338 renovat
1269 2254 1413 2338 litteras
1440 2265 1477 2338 et
1506 2255 1766 2339 concessiones
1850 2257 1880 2290 ⁸¹¹
1896 2259 1948 2292 ¹¹⁸·

354 2385 519 2496 Philippi
545 2387 667 2497 regis,
686 2413 786 2497 quae
802 2387 946 2472 ibidem
963 2388 1196 2472 inseruntur.

437 2614 537 2695 (Edit.
552 2633 603 2694 ep.
620 2615 752 2680 Mutum.
767 2617 866 2691 Boia,
885 2623 911 2677 t.
932 2616 1036 2691 XXX,
1049 2632 1119 2694 pers
1138 2617 1176 2694 1¹,
1194 2633 1226 2694 p.
1242 2624 1316 2695 tis,
1331 2626 1366 2676 n⁰
1381 2625 1455 2693 m,
1469 2633 1507 2677 ex
1529 2618 1665 2697 originali
1686 2619 1766 2680 unde

475 2723 605 2800 sigillum
618 2722 680 2784 iere
699 2723 834 2783 illaesum
853 2721 999 2800 appendet
1015 2740 1053 2783 ex
1070 2722 1129 2783 iilis
1141 2723 1243 2784 serius
1257 2723 1341 2782 rubri
1353 2727 1384 2783 et
1396 2722 1499 2783 viridis
1511 2723 1628 2784 coloris.
1640 2755 1681 2768 -
1694 2723 1767 2785 Pri·

474 2829 616 2907 vilegium
629 2834 728 2890 eutem
745 2829 875 2907 Philippi
887 2830 965 2908 regis
976 2834 1060 2890 extat
1070 2825 1192 2903 ididan,
1207 2835 1281 2891 tom.
1296 2827 1407 2902 xxtx,
1422 2843 1490 2906 pers
1502 2829 1538 2904 1¹,
1554 2847 1585 2906 p.
1601 2832 1684 2903 ias.)

404 3030 443 3100 ln
467 3029 608 3102 nomine
632 3039 750 3102 sancte
775 3038 809 3102 et
833 3027 1015 3102 individue
1028 3029 1212 3102 Trinitatis.
1233 3028 1414 3100 Heinricus
1439 3029 1617 3124 septimus,
1645 3029 1765 3106 divina

354 3153 494 3225 invente
512 3153 695 3226 clementia
710 3155 944 3226 Romanorum
959 3174 1024 3225 rex
1040 3161 1076 3226 et
1087 3173 1224 3248 semper
1239 3161 1420 3246 augustus.
1444 3153 1538 3224 Sicut
1561 3175 1603 3226 ea
1621 3176 1689 3247 que
1704 3177 1766 3250 per

356 3277 519 3350 culminis
535 3278 645 3350 nostri
661 3279 882 3351 eminentiam
899 3287 1066 3372 geruntur
1083 3279 1140 3350 vel
1161 3285 1256 3371 gestu
1275 3276 1417 3365 inerint,
1446 3277 1689 3350 rationabiliter
1704 3279 1765 3352 de-

355 3401 580 3475 sideramnsa
594 3403 720 3475 nostris
737 3402 992 3476 successoribus
1005 3401 1198 3490 observari,
1220 3401 1268 3472 ite
1283 3400 1561 3495 predecessorum
1574 3412 1766 3476 nostrorum

354 3536 430 3598 acta
446 3526 573 3600 uostris
588 3526 802 3622 temporibus
817 3527 970 3601 stabilire
984 3528 1147 3600 uolumus
1164 3548 1209 3598 ne
1222 3548 1285 3620 per
1304 3546 1365 3597 nos
1385 3525 1441 3598 uel
1459 3547 1521 3620 per
1534 3527 1684 3620 aliquem
1700 3551 1767 3601 va-

354 3651 448 3724 leant
471 3651 657 3724 immutari.
687 3652 870 3727 decedens
893 3652 940 3726 ad
961 3653 1168 3748 presentiam
1181 3659 1333 3724 nostram
1356 3651 1529 3741 Volricus,
1558 3650 1767 3724 honorabilis

354 3777 552 3870 prepositus
563 3773 704 3850 vivifice
723 3777 841 3850 Crucis
854 3777 951 3873 apud
966 3778 1174 3870 Augustam,
1193 3787 1263 3848 tarn
1277 3797 1338 3870 pro
1354 3797 1392 3848 se
1406 3798 1511 3870 quum
1527 3799 1589 3872 pro
1606 3779 1767 3850 iratribus

356 3899 514 3991 eusdem
530 3901 732 3974 monasterii
747 3901 957 3998 supplicavit
969 3901 1145 3974 humiliter
1157 3910 1197 3973 ut
1204 3901 1424 3996 privilegium
1436 3901 1511 3972 sive
1524 3901 1765 3994 obligationem

355 4024 481 4096 iactam
492 4045 555 4120 per
568 4025 699 4098 litteras
725 4025 809 4099 divo
835 4025 1082 4100 recordationis
1100 4026 1250 4122 Philippi
1277 4025 1369 4118 regis
1396 4026 1644 4119 consanguinei
1660 4030 1767 4100 nostri

355 4147 559 4223 confirmare
572 4160 608 4222 et
623 4172 790 4224 renovare
803 4149 848 4224 de
856 4152 1069 4246 benignitate
1082 4150 1178 4244 regia
1190 4149 1426 4243 dignaremur.
1438 4150 1507 4221 Nos
1519 4149 1635 4244 itaque
1647 4173 1767 4225 eorum

357 4273 519 4366 precibus
541 4275 718 4364 inclinati,
746 4275 863 4348 literas
888 4275 1029 4349 medem
1056 4275 1103 4348 de
1121 4275 1231 4346 verbo
1246 4274 1292 4348 sd
1309 4273 1456 4346 verbum
1478 4275 1626 4369 presenti
1646 4276 1769 4370 pagine

357 4395 525 4471 duximus
542 4397 765 4492 inserendam
784 4400 885 4493 cujus
902 4399 1079 4495 (querum)
1095 4410 1194 4472 tenor
1207 4398 1284 4472 talis
1297 4405 1349 4469 est
1367 4422 1377 4468 ε

405 4521 603 4598 innomine
622 4533 742 4598 sancte
765 4534 802 4598 et
827 4523 1011 4598 individue
1030 4525 1218 4597 Trinitatis.
1238 4522 1417 4618 Philippus
1433 4521 1626 4613 secundus,
1650 4522 1771 4599 divine

356 4644 496 4718 invente
523 4648 703 4721 clementia
727 4650 958 4722 Romanorum
979 4659 1090 4723 rexet
1110 4671 1247 4743 semper
1264 4656 1445 4741 augustus.
1466 4645 1666 4739 Augustalis
1682 4650 1773 4720 emi-

358 4769 480 4842 nencie
494 4771 680 4845 laudabilis
698 4773 867 4846 stabilitas
884 4773 974 4846 inter
997 4783 1129 4846 ceteras
1144 4774 1273 4868 quibus
1296 4772 1459 4846 decenter
1474 4783 1616 4844 ornatur
1631 4774 1773 4847 virtutes

360 4912 470 4988 usque
484 4894 573 4969 adeo
587 4897 678 4971 circa
693 4897 858 4971 universa
874 4907 971 4992 gesta
985 4897 1175 4973 suuilorem
1190 4897 1386 4970 constancie
1399 4898 1579 4970 consuevit
1591 4898 1774 4971 observare
