4859 6359
968 785 1279 851 tnbtdstsstrttt.

668 1084 786 1097 m

470 1358 741 1469 Fragmentum
761 1356 819 1456 de
839 1355 1031 1467 colloquio
1062 1382 1086 1439 a
1110 1355 1320 1440 rectoribus
1352 1354 1538 1439 societatis
1573 1353 1822 1439 Lombmdiae

419 1492 522 1603 apud
538 1491 750 1575 Bononiam
776 1487 985 1597 celebrato,
1004 1490 1052 1572 de
1078 1490 1243 1575 adventu
1273 1489 1486 1599 legatorum
1511 1498 1549 1573 et
1565 1488 1613 1571 de
1628 1488 1823 1597 inopinato

418 1624 656 1734 imperatoris
674 1649 698 1706 a
714 1623 894 1707 Ravenna
911 1622 1094 1705 discessu.

504 1852 627 1932 (Iuedtt.
648 1869 687 1913 ex
702 1851 805 1913 cottce
823 1847 962 1911 Bibliotb
977 1850 1083 1925 imper.
1097 1847 1204 1923 Pam,
1217 1864 1284 1909 coc.
1302 1844 1394 1928 secde
1417 1846 1503 1924 tatio,
1518 1857 1552 1909 n⁰
1566 1856 1656 1923 teat,
1675 1848 1727 1912 iol.
1753 1859 1822 1929 tot,

540 1958 747 2036 recto-verso.)
1238 1966 1240 1970 “

471 2152 686 2243 mccxxxt,
716 2150 904 2224 indictione
924 2150 1005 2243 1111,
1030 2150 1076 2224 de
1099 2170 1219 2223 meuse
1243 2149 1408 2237 octubris,
1439 2150 1610 2223 societatis
1635 2150 1828 2227 [oubardie

423 2288 571 2352 rectores
588 2279 624 2349 in
645 2276 798 2350 Bononia
814 2276 955 2350 civitate
976 2284 1168 2348 statuerunt
1183 2274 1408 2368 colloquium.
1434 2276 1524 2346 Dum
1540 2284 1656 2349 autem
1671 2277 1707 2347 in
1721 2298 1762 2351 ea
1779 2278 1828 2351 ci·

426 2403 533 2475 vitate
550 2401 618 2497 ipsi
638 2411 787 2474 rectores
805 2398 1048 2472 convenissent
1064 2419 1126 2494 per
1143 2400 1274 2489 legatos
1296 2418 1415 2471 eorum
1435 2398 1528 2473 viros
1549 2400 1683 2473 nobiles
1699 2386 1733 2474 et
1747 2424 1830 2497 pru·

426 2526 569 2614 dentes,
601 2525 826 2619 potestatibus
859 2534 895 2597 et
926 2523 1118 2596 rectoribus
1161 2523 1436 2618 uniuscujusque
1478 2524 1627 2599 civitatis
1659 2526 1829 2601 societatis

425 2649 582 2742 ejusdem
602 2649 640 2720 in
663 2648 835 2722 mandatis
858 2646 1031 2721 dederunt
1044 2656 1082 2718 ut
1099 2645 1145 2719 ad
1163 2646 1251 2720 ittud
1265 2642 1470 2721 festinanter¹
1487 2648 1653 2723 deberent
1668 2652 1832 2728 accedere

427 2774 650 2868 colloquium.
672 2772 828 2866 Cumque
849 2772 886 2843 in
910 2772 986 2867 ipsa
1009 2772 1149 2843 civitate
1164 2780 1279 2843 esseut
1303 2770 1504 2863 coadunati,
1528 2770 1575 2845 de
1593 2776 1773 2851 commodo
1796 2786 1832 2849 et

426 2898 614 2971 honoreac
629 2896 774 2969 utilitato
791 2895 962 2969 societatis
982 2894 1138 2990 predicte
1155 2893 1202 2966 ad
1222 2894 1372 2968 invicem
1393 2904 1574 2969 tractantes
1589 2906 1624 2970 et
1647 2920 1751 2993 super
1771 2921 1833 2973 ue·

427 3022 530 3116 gotiis
538 3020 731 3094 lonbardie
746 3020 929 3114 diligenter
941 3020 1121 3110 instantes,
1144 3038 1264 3089 omnes
1279 3019 1486 3093 unanimiter
1498 3020 1565 3093 leto
1581 3021 1697 3094 animo
1714 3031 1748 3095 et
1764 3022 1834 3097 fide

428 3167 515 3241 pura
531 3144 745 3217 concorditer
762 3152 952 3217 statuentes
971 3140 1046 3237 (sic)
1067 3121 1177 3237 ipsam
1194 3139 1422 3215 confirmandi
1443 3154 1479 3216 et
1493 3144 1700 3220 reformandi
1716 3148 1834 3221 socie-

428 3278 547 3340 tatem.
563 3268 641 3353 Quo
664 3269 810 3341 factost
832 3266 879 3338 ita
904 3265 1074 3354 ordinato,
1090 3266 1149 3338 die
1172 3264 1346 3339 dominico
1364 3267 1423 3339 Vll
1447 3265 1614 3340 kalendas
1636 3269 1834 3345 novembris

430 3392 491 3486 (26
514 3390 692 3486 octobris),
712 3390 749 3461 in
767 3390 869 3485 plena
886 3389 1043 3462 contione
1060 3390 1096 3460 in
1115 3388 1237 3461 eadem
1261 3388 1401 3463 civitate
1426 3389 1636 3466 decantaret
1652 3392 1835 3488 magnifice

430 3513 584 3608 collecta,
605 3514 764 3589 eamdem
774 3516 970 3607 juramento
994 3514 1267 3586 reformaverunt
1291 3521 1326 3585 et
1347 3512 1636 3588 confirmaverunt
1661 3518 1834 3593 civitatem

432 3639 513 3736 (lep.
540 3636 769 3734 societatem).
795 3638 885 3711 luter
910 3660 950 3710 se
971 3634 1123 3709 vicissim
1145 3637 1345 3732 pollicentes
1368 3648 1403 3711 et
1426 3650 1638 3713 sacramento
1662 3640 1836 3717 firmantes

431 3782 634 3834 succursum
652 3761 778 3857 pariter
798 3770 834 3833 et
854 3760 1027 3835 auxilium
1052 3760 1219 3847 militum,
1238 3758 1393 3854 peditum
1412 3771 1446 3833 et
1473 3762 1733 3836 balestariorum
1757 3766 1836 3838 uni-

432 3886 560 3979 cuique
583 3884 715 3958 civitati
736 3885 907 3958 societatis
924 3884 1035 3979 ipsius
1051 3891 1087 3956 et
1106 3882 1259 3955 maxime
1283 3882 1436 3955 Bononio
1456 3894 1491 3956 et
1510 3885 1648 3959 Faentie
1672 3908 1749 3961 esse
1768 3890 1840 3965 da-

432 4018 528 4082 turos
541 4019 660 4082 contra
675 4029 796 4081 omnes
819 4008 977 4081 homines
993 4017 1029 4079 et
1044 4026 1205 4100 personas
1218 4026 1277 4078 eos
1290 4006 1465 4080 offendere
1477 4018 1512 4081 et
1529 4008 1564 4079 in
1581 4019 1705 4084 terram
1719 4033 1838 4087 eorum

432 4132 602 4206 violenter
617 4132 745 4206 intrare
767 4132 934 4207 volentes.
954 4133 993 4203 lu
1008 4129 1179 4227 presentia
1200 4129 1325 4201 horum
1345 4130 1500 4203 similiter
1522 4144 1750 4228 proponentes
1767 4138 1839 4211 dis-

434 4256 656 4329 tributionem
675 4266 710 4329 et
735 4256 1006 4349 designationem
1031 4253 1096 4326 tria
1120 4252 1253 4324 milium
1277 4254 1432 4347 equitum
1451 4263 1485 4327 et
1507 4253 1625 4329 decem
1649 4258 1744 4331 milia
1771 4282 1841 4356 pe-

435 4378 546 4453 ditum
564 4390 599 4454 et
615 4380 710 4452 mitte
730 4380 997 4475 quingentorum
1020 4376 1280 4450 batestariorum
1303 4397 1365 4471 pro
1393 4400 1602 4473 unaquaque
1623 4380 1761 4456 civitate
1782 4406 1839 4459 so·

436 4502 579 4595 sistatis,
595 4514 698 4599 prout
714 4504 904 4597 uuicuique
921 4500 1088 4597 competit
1105 4500 1230 4588 tacere,
1247 4500 1309 4593 qui
1326 4520 1461 4595 semper
1473 4502 1541 4574 siut
1553 4512 1588 4575 ct
1598 4525 1675 4578 csse
1690 4505 1841 4583 debeant

436 4626 558 4698 intenti
583 4634 619 4699 et
644 4626 754 4720 parati
776 4626 875 4720 equis
900 4631 935 4698 et
959 4623 1065 4696 armis
1092 4632 1127 4694 et
1150 4621 1229 4693 aliis
1252 4620 1356 4694 rebus
1383 4624 1582 4697 necessariis
1604 4628 1783 4721 equitandi
1806 4642 1841 4707 et

438 4746 675 4844 proficiscendi
695 4748 826 4845 ubique
847 4747 893 4822 ad
918 4749 1129 4845 voluntatem
1145 4754 1329 4818 rectorum.
1353 4746 1479 4821 lterum
1496 4770 1558 4845 pro
1579 4750 1672 4825 bono
1689 4754 1785 4849 pacis
1806 4766 1841 4830 et

438 4872 620 4946 concordie
632 4882 669 4946 et
681 4895 727 4947 ne
743 4873 861 4969 aliqua
875 4873 1003 4945 siutitta
1015 4872 1097 4945 mali
1111 4871 1200 4943 inter
1213 4870 1454 4967 imperatorem¹
1466 4882 1501 4947 et
1515 4874 1716 4950 Louberdos
1737 4882 1844 4975 possit

536 4997 590 5059 lv.
609 5010 664 5055 rm
675 5012 699 5056 r.
1632 5008 1688 5062 118

1863 1366 1954 1411 Octobri
1964 1366 2017 1409 rtet

1863 1421 1948 1465 ursus
1958 1420 2018 1464 tm.
