4859 6359
447 676 544 736 lrnror.
559 675 604 751 ἃ]
891 669 1090 732 HISTORIA
1115 669 1408 734 ntetottrttme.
1796 674 1855 735 'll3

495 810 532 880 6.
559 810 610 881 lle
622 807 757 880 telonet‘e
771 816 803 877 et
814 807 963 878 mmo.
983 805 1068 877 Cum
1089 805 1201 878 ulienu
1224 805 1332 880 invito
1355 806 1496 882 domiuo
1516 829 1585 880 uon
1603 807 1678 881 siue
1689 808 1778 901 juris
1795 809 1853 880 iu-

444 933 534 1025 jurio
548 938 817 1019 enumerentur,
832 949 876 1002 eo
892 927 1016 1003 durius
1025 929 1106 1025 quis
1115 928 1196 1000 lorti
1206 939 1242 1002 et
1254 931 1409 1004 salsitatis
1424 933 1580 1026 arguitur
1590 953 1660 1028 quo
1673 954 1853 1029 presump-

448 1057 580 1130 tuosins
600 1052 735 1149 aliquid
759 1053 829 1126 sibi
848 1051 894 1127 de
918 1053 969 1126 rei
994 1052 1134 1148 publice
1149 1055 1377 1148 proventibus
1401 1055 1593 1152 usurpavit.
1616 1055 1767 1150 Ideoque
1784 1065 1852 1129 stu·

448 1181 574 1252 tuimus
595 1187 635 1252 nt
657 1177 775 1252 omnio
798 1177 934 1250 teloneo
953 1186 1024 1250 turn
1051 1176 1088 1248 iu
1104 1176 1205 1250 terris
1222 1200 1328 1273 quum
1349 1180 1386 1251 iu
1406 1180 1506 1274 equis
1520 1187 1596 1276 post
1612 1189 1755 1252 mortem
1771 1180 1854 1252 dive

448 1304 610 1377 memorie
630 1303 738 1398 putris
757 1301 867 1374 nostri
895 1300 1110 1396 imperatoris
1135 1300 1287 1374 lleiurioi
1311 1323 1332 1375 n
1349 1323 1570 1398 quocumque
1591 1313 1626 1375 et
1644 1303 1852 1399 ubicumque

448 1426 757 1517 iustitntsluerint,
769 1433 1010 1497 removeantur
1026 1424 1180 1514 omuino,
1193 1424 1261 1497 nisi
1277 1425 1307 1496 is
1322 1426 1382 1520 qui
1401 1425 1506 1498 habet
1520 1448 1633 1498 corum
1649 1427 1853 1524 imperatore

446 1550 569 1646 probet
578 1559 619 1620 ut
628 1549 762 1642 justum
774 1555 828 1620 est
840 1568 880 1620 se
892 1547 1067 1620 teloneum
1080 1546 1216 1641 dejure
1229 1557 1360 1620 tenere.
1378 1549 1463 1622 Item
1479 1550 1686 1645 precipimus
1697 1551 1851 1623 omuiuur

445 1675 655 1748 teloneorum
671 1670 1003 1768 supe-adjectionem
1019 1672 1189 1744 removeri
1205 1681 1242 1746 et
1258 1673 1400 1746 omuino
1416 1693 1549 1746 cessure
1559 1683 1593 1746 et
1610 1674 1645 1744 iu
1659 1683 1748 1747 stetu
1763 1675 1851 1770 pris·

442 1801 516 1872 tine
530 1797 755 1870 iustitutionis
772 1794 890 1868 debite
905 1813 1119 1891 permonere.
1139 1795 1265 1891 Siquis
1281 1805 1398 1870 eutem
1414 1797 1519 1889 hujus
1534 1813 1648 1870 nostre
1666 1798 1853 1871 sanctionis

437 1925 591 1998 violator
613 1921 784 1996 exstiterit
810 1928 871 1992 out
899 1918 1033 2014 aliquid
1058 1921 1149 1994 ultro
1175 1919 1332 1994 debitum
1356 1931 1391 1994 et
1413 1931 1579 1992 statutum
1603 1922 1784 1994 extorserit
1795 1922 1851 1994 vel

438 2047 664 2144 usurpaverit
678 2045 715 2116 iu
734 2031 810 2117 loon
825 2041 1002 2136 indebito,
1023 2065 1138 2116 eorum
1150 2065 1216 2118 suo
1229 2043 1350 2138 judice
1366 2044 1411 2117 de
1426 2043 1481 2117 his
1506 2045 1657 2137 legitime
1675 2045 1853 2117 convictus

432 2181 610 2266 tunquam
620 2167 774 2266 predoet
789 2167 968 2264 populator
982 2176 1087 2240 strete
1099 2168 1237 2264 publioe
1250 2169 1425 2264 punietur.
1442 2155 1645 2263 Receptores
1659 2190 1743 2240 vero
1761 2169 1852 2242 telo-

428 2315 590 2368 neorum
603 2301 674 2366 tom
690 2293 727 2364 iu
738 2293 838 2365 terris
849 2313 955 2387 mom
971 2292 1007 2362 iu
1025 2292 1128 2387 equis
1143 2291 1261 2365 debito
1275 2292 1378 2366 modo
1394 2293 1501 2366 teneri
1520 2294 1678 2366 volumus
1695 2294 1741 2369 ud
1752 2315 1850 2390 repa·

425 2418 612 2492 rationem
631 2417 786 2512 pontium
804 2423 840 2489 et
855 2423 1057 2505 mmmmm,
1078 2418 1334 2489 transeuntibus
1357 2425 1392 2490 et
1415 2417 1660 2510 navigantibus
1686 2418 1851 2512 equibus

425 2543 579 2615 teloneo
597 2540 791 2636 occipiunt,
811 2560 957 2634 punem,
976 2540 1195 2612 securitatem
1226 2549 1261 2612 et
1286 2541 1515 2631 conductum,
1543 2542 1590 2613 itu
1617 2542 1712 2634 quod
1746 2543 1852 2614 nichil

420 2665 602 2738 amittent
625 2672 798 2759 quotenus
818 2661 923 2736 duret
944 2661 1119 2735 districtus
1136 2684 1278 2754 eorum,
1296 2673 1397 2758 prout
1409 2664 1532 2736 melius
1546 2673 1690 2760 possunt
1707 2663 1853 2739 fideliter

419 2787 675 2882 procurando.
688 2786 908 2882 Quicumque
921 2807 1005 2860 vero
1015 2787 1123 2860 ternio
1140 2787 1294 2883 legitime
1306 2788 1484 2860 convietus
1500 2789 1603 2860 luerit
1617 2809 1732 2861 corum
1750 2789 1851 2862 nobis

416 2922 614 2985 statutum
638 2910 707 2983 hoe
733 2931 803 2983 uon
833 2931 1010 3001 servasse,
1030 2911 1203 2983 teloneum
1220 2909 1360 2984 domiuo
1375 2919 1474 2983 vocet
1500 2932 1522 2982 a
1548 2932 1618 3004 quo
1636 2911 1723 2983 illud
1746 2921 1849 2984 tenet.

414 3035 603 3108 Districte
616 3035 759 3132 iusuper
775 3034 973 3107 iuhibemus
988 3056 1034 3108 ne
1049 3034 1180 3108 domini
1197 3037 1253 3107 vel
1270 3036 1427 3108 civitates
1445 3046 1602 3131 pretextu
1618 3035 1852 3110 faciendarum

413 3160 675 3232 munitionum
689 3159 747 3232 rel
757 3159 1056 3254 alioquueumque
1066 3158 1113 3232 de
1123 3181 1229 3232 consu
1241 3160 1375 3232 telonea
1386 3161 1443 3233 rel
1458 3161 1657 3233 exactiones
1672 3161 1853 3234 instituunt

413 3303 515 3377 qne
531 3284 639 3378 vulgo
651 3281 815 3355 dicuntur
827 3283 948 3378 ungelt
964 3283 999 3354 iu
1015 3282 1281 3356 hominesextru
1297 3283 1425 3378 positos
1438 3285 1495 3356 vel
1508 3296 1688 3358 extraneos
1700 3283 1853 3358 velbone

412 3427 585 3500 eorum,
603 3406 666 3482 sed
680 3405 844 3480 dominus
859 3406 906 3480 de
921 3429 987 3480 suo
1002 3407 1061 3479 vel
1083 3407 1262 3480 homiuum
1280 3428 1421 3480 suorum
1438 3407 1539 3480 bouis
1554 3407 1709 3500 edificet3
1736 3409 1852 3482 riolo-

409 3532 579 3634 toribus
595 3531 700 3624 hujus
713 3531 817 3604 edicti
834 3531 941 3604 nostri
961 3541 1126 3626 tauquam
1142 3531 1354 3627 predonibus
1372 3541 1475 3604 struto
1494 3532 1631 3627 publioe
1653 3533 1849 3629 puniendis.

403 3655 477 3728 Si
488 3656 624 3729 bellum
640 3655 696 3728 vel
711 3676 814 3728 verra
830 3655 934 3728 luerit
950 3655 1039 3728 iuter
1055 3654 1190 3750 aliquos
1205 3677 1356 3750 quorum
1366 3656 1516 3730 ultervel
1530 3663 1673 3751 uterque
1691 3657 1727 3728 iu
1746 3665 1851 3730 strate

400 3780 618 3852 teloneum
647 3778 773 3852 hubent
800 3779 860 3852 vel
890 3777 1118 3872 conductum,
1138 3787 1261 3852 neuter
1288 3779 1424 3852 illorum
1448 3801 1512 3852 uee
1532 3780 1677 3875 quilibet
1702 3781 1791 3853 ullus
1816 3782 1852 3852 iu

396 3903 569 3976 odium
584 3903 638 3976 vel
652 3903 789 3999 eulpam
800 3903 893 3977 illius
909 3902 957 3976 od
969 3905 1145 4000 quem-jus
1161 3904 1285 3976 telonei
1300 3904 1448 4000 pertinet
1461 3903 1517 3977 vel
1531 3904 1736 3992 conductus,
1747 3908 1853 4000 quie-

394 4046 551 4122 quam
567 4027 825 4100 transeuntibus
839 4027 1011 4123 ropiut,ut
1023 4035 1236 4100 transeuntes
1252 4049 1313 4124 per
1330 4037 1469 4101 stratam
1485 4029 1667 4101 securitate
1681 4029 1855 4124 gaudeant

394 4160 479 4221 et
491 4151 623 4244 quiete.
644 4150 712 4237 Qui
728 4161 848 4225 oontru
861 4150 928 4225 hoo
944 4153 1063 4225 feeerit
1077 4162 1242 4248 tunquam
1256 4154 1363 4250 predo
1383 4153 1542 4250 publicus
1558 4153 1852 4250 punietur.Proci·

394 4274 563 4365 pimus
578 4283 696 4347 eutem
713 4296 833 4348 omues
846 4284 970 4350 stratos
981 4277 1139 4373 publices
1156 4278 1332 4351 observari
1358 4285 1393 4350 et
1411 4285 1545 4350 mactas
1569 4285 1691 4350 stratos
1713 4276 1852 4348 omuino

399 4414 595 4470 ossone.

495 4515 534 4590 ’1.
560 4522 609 4591 lle
624 4522 774 4593 monetis.
803 4521 993 4597 statuimus
1017 4521 1158 4596 firmiter
1180 4545 1300 4597 omues
1324 4530 1479 4596 mouetus
1499 4530 1577 4617 post
1600 4529 1747 4595 mortem
1773 4519 1855 4594 dire

400 4643 613 4715 nemoris
626 4643 777 4717 lleinriei
795 4646 1010 4743 imperatoris
1023 4647 1132 4742 patris
1150 4647 1258 4720 nostri
1269 4648 1410 4721 omniuo
1425 4668 1576 4735 cessare,
1598 4646 1808 4741 ubicumque
1822 4657 1856 4718 et

411 4780 473 4836 a
488 4787 707 4864 quocumque
724 4771 852 4843 luerint
864 4771 1037 4862 institute,
1056 4770 1125 4844 nisi
1141 4774 1202 4865 qui
1215 4781 1308 4846 tenet
1325 4793 1384 4845 ees
1401 4779 1502 4868 prout
1514 4772 1646 4864 justum
1668 4779 1721 4844 est
1738 4791 1855 4844 corum
