4859 6359
623 754 684 817 85ss
1116 745 1332 807 rnibnuici
1355 746 1528 808 securint
1849 751 1925 836 [An.
1945 754 2029 817 1236.

627 891 672 963 ud
688 888 847 981 Agouum
859 882 955 980 opud
965 881 1016 979 (a)
1028 888 1177 955 nostrum
1187 882 1402 979 provinciam
1413 886 1585 977 citaretur,
1599 884 1791 957 indiximus
1803 886 1869 959 sibi
1883 890 2030 962 eundem

626 1016 740 1086 iocum
753 1021 789 1084 et
805 1009 989 1083 terminum
1005 1016 1274 1103 competentem,
1304 1008 1341 1079 iu
1362 1028 1432 1102 quo
1456 1010 1551 1105 apud
1570 1009 1727 1103 Agedum
1746 1008 1793 1105 (b)
1815 1012 1861 1084 ud
1882 1022 2031 1085 nostrum

628 1135 835 1231 presentiam
852 1154 891 1205 se
900 1132 1089 1221 conferret,
1108 1128 1238 1201 ibidem
1252 1128 1298 1201 de
1315 1130 1407 1204 bono
1418 1140 1507 1203 stulu
1525 1142 1559 1205 ei
1576 1134 1769 1227 integritate
1781 1135 1872 1207 iumc
1884 1155 1949 1208 sue
1960 1136 2030 1209 dis·

629 1280 759 1355 ponere
771 1258 949 1352 cupientes
964 1254 1022 1348 (c).
1041 1256 1118 1346 ipse
1129 1273 1213 1325 vero
1227 1274 1307 1323 cum
1323 1274 1392 1325 non
1408 1264 1522 1347 posset
1545 1256 1724 1329 vulnerate
1745 1258 1951 1329 conscientie
1969 1280 2033 1331 sue

629 1380 780 1453 ueicudc
802 1390 1001 1472 contegere,
1021 1377 1087 1449 etsi
1107 1376 1225 1469 sepius
1243 1377 1405 1471 exposuit
1420 1398 1460 1449 se
1476 1389 1680 1471 venturum,
1700 1401 1835 1475 semper
1852 1380 1974 1473 illusit,
1999 1393 2034 1455 et

629 1505 817 1600 potentium
834 1514 985 1574 nostrum
1004 1500 1040 1572 in
1063 1499 1228 1593 superbie
1239 1510 1275 1571 et
1290 1500 1455 1575 abusione
1465 1512 1706 1589 contemnens,
1728 1502 1828 1575 dctus
1844 1506 2031 1577 insensum

629 1629 811 1723 reprobum
839 1637 874 1699 et
896 1625 1034 1719 penitus
1055 1624 1196 1695 effectus
1222 1622 1393 1717 ingratus,
1419 1624 1510 1719 oepit
1531 1635 1649 1699 contra
1677 1646 1856 1719 personum
1883 1640 2032 1699 nostrum

629 1752 738 1823 verbo
768 1760 804 1823 et
830 1770 935 1844 opere
956 1746 1145 1819 machinari
1161 1772 1171 1816 t
1186 1746 1234 1817 its
1259 1744 1310 1843 (d)
1331 1756 1370 1817 ut
1393 1756 1506 1841 preter
1530 1748 1674 1821 iusidias
1700 1750 1847 1843 quasin
1877 1752 2034 1844 captione

631 1875 767 1950 dudum
784 1872 830 1969 (e)
842 1872 904 1945 iiiii
917 1872 1024 1945 nostri
1038 1873 1080 1943 Η.
1102 1871 1139 1942 iu
1155 1870 1278 1943 itinere
1298 1871 1478 1943 manifeste
1497 1872 1691 1967 proposuit,
1710 1894 1788 1944 oum
1802 1872 2033 1946 biedioiuuen·

631 2000 729 2073 sibus
750 2006 785 2071 et
805 1997 882 2069 aliis
908 1995 1056 2067 inimicis
1072 1994 1198 2066 uostris
1215 2004 1334 2065 contra
1348 1992 1511 2067 honorem
1539 2006 1692 2067 nostrum
1717 2007 1752 2069 et
1777 1998 1911 2090 imperii
1937 1998 2035 2069 moli·

632 2131 738 2194 retur.
757 2119 827 2191 Sed
838 2119 891 2213 (s)
909 2116 1068 2211 nequiter
1081 2116 1362 2187 coutruuuimum
1380 2125 1530 2188 nostrum
1548 2118 1765 2211 excogitans,
1784 2118 1877 2190 misit
1891 2120 2035 2191 nuncios

633 2266 716 2317 suos
727 2242 774 2315 ud
787 2242 956 2315 seniorem
969 2241 1150 2325 biouiuue,
1166 2240 1228 2331 qui
1243 2240 1369 2311 dicitur
1384 2240 1577 2329 Assiduus,
1599 2243 1799 2336 promittens
1809 2242 1842 2312 ei
1855 2242 2034 2335 pecuniam

633 2366 819 2455 inlinitum,
839 2374 878 2435 ut
896 2372 1047 2435 nostrum
1063 2360 1192 2433 lederet
1207 2364 1433 2453 majestatem.
1450 2362 1528 2435 Alio
1541 2364 1641 2435 ctiam
1657 2365 1779 2460 spiritu
1796 2386 1859 2437 sue
1872 2366 2036 2437 fatuitatis

633 2489 813 2575 inductus,
833 2485 930 2581 quod
944 2486 1044 2557 nobis
1056 2497 1109 2557 est
1127 2484 1232 2557 vaide
1243 2486 1442 2574 molestum,
1459 2508 1528 2558 non
1546 2488 1737 2561 estveritus
1751 2498 1918 2561 uticutsre
1935 2510 2034 2561 sunc-

633 2614 804 2685 tissimum
821 2612 857 2681 iu
882 2610 1014 2681 Christo
1039 2618 1171 2704 putrem
1194 2618 1349 2680 nostrum
1378 2630 1552 2682 summum
1579 2610 1791 2706 puntiiioem,
1813 2622 1851 2683 ut
1865 2612 1931 2683 sibi
1949 2622 2037 2684 esset

631 2735 830 2809 favorabilis
844 2732 1009 2805 inducere
1025 2732 1226 2824 satagendo.
1247 2732 1404 2805 Prctcrcu
1419 2734 1564 2805 nuncios
1578 2744 1711 2806 nostros
1725 2736 1761 2805 in
1777 2736 1958 2807 securitate
1972 2756 2036 2807 suu

634 2872 669 2934 et
676 2859 850 2932 conductu
860 2866 1015 2949 receptos
1024 2856 1162 2951 spoliari
1177 2854 1369 2928 mundavit.
1384 2854 1493 2927 Xeuiu
1508 2878 1647 2951 quoque
1654 2878 1715 2950 por
1724 2855 1848 2930 ducem
1860 2858 2036 2953 Roscie(p)

634 2984 735 3056 nubis
761 2983 960 3055 transmissu
984 3001 1006 3051 u
1029 2979 1166 3050 nunciis
1197 2980 1273 3070 eJ‘us
1301 2978 1337 3049 in
1361 2980 1604 3051 contumeliam
1635 2989 1670 3052 et
1698 2981 1859 3072 injurium
1889 2992 2037 3053 nostrum

634 3107 714 3179 iecit
725 3104 878 3178 aufferri.
893 3102 1010 3175 Castra
1025 3112 1141 3173 sutem
1161 3122 1231 3195 quc
1250 3154 1259 3171 .
1281 3152 1317 3171 ..
1336 3102 1590 3196 Ruiispcuensis
1603 3102 1777 3197 quondam
1790 3102 1980 3176 advocatus
1988 3102 2037 3195 (il

635 3229 735 3301 uobis
751 3238 787 3301 et
804 3227 948 3321 imperio
963 3227 1002 3297 iu
1019 3247 1084 3297 suu
1101 3235 1209 3298 morte
1231 3227 1426 3317 legaverat,
1454 3246 1524 3298 non
1544 3236 1597 3298 cst
1614 3227 1745 3301 veritus
1758 3248 1945 3323 occupure,
1976 3248 2038 3299 nec

635 3352 751 3425 omisit
769 3359 894 3423 cuncta
911 3368 1109 3443 presumere
1127 3370 1196 3443 que
1216 3349 1316 3421 uobis
1342 3358 1456 3421 essent
1479 3360 1514 3422 ei
1536 3350 1680 3444 imperio
1706 3362 1922 3423 nocumenta.
1949 3349 2035 3439 Qui,

635 3496 715 3545 cum
731 3494 796 3545 noc
810 3474 921 3543 Deum
942 3472 1075 3562 timeat,
1094 3471 1184 3543 sicui
1205 3471 1349 3561 dicitur,
1371 3494 1435 3545 uec
1451 3482 1623 3545 terrenum
1642 3473 1725 3545 velit
1743 3472 1923 3547 domiuum
1934 3494 2039 3545 rure-

635 3597 719 3687 rcri,
741 3606 862 3666 nature
876 3593 1400 3685 reverentiumnonobservuus,
1424 3648 1433 3665 .
1464 3647 1473 3665 .
1506 3596 1686 3669 .nobiism
1704 3596 1878 3669 dominam
1898 3606 2037 3669 matrem

635 3742 734 3793 suam
752 3719 826 3791 suis
841 3717 1114 3789 bouisomnibus
1139 3718 1338 3810 spoliatum,
1365 3718 1410 3791 dc
1431 3728 1521 3791 terru
1538 3740 1602 3790 suu
1626 3720 1772 3815 turpiter
1792 3720 1959 3813 eduguvit
1979 3744 1987 3788 :
2005 3727 2040 3790 ei

679 3985 722 4065 (a)
743 3985 881 4047 Codicum
903 3995 962 4047 466
985 3987 1147 4063 sequimur.
1163 3985 1201 4045 iu
1228 3984 1370 4061 impressu
1392 3984 1474 4065 opud
1491 3984 1712 4069 Apronianum
1728 3990 1761 4049 in
1782 3988 1849 4050 cod.
1868 3996 1941 4065 ²⁰2,
1962 3984 2042 4069 opud

638 4092 888 4172 Aspcuoucnrcsr,
903 4092 991 4153 umbo
1004 4094 1092 4153 mule.
1107 4092 1215 4169 Agitur
1227 4094 1306 4151 cuim
1318 4091 1356 4153 de
1368 4094 1534 4173 Hupcucrce.

679 4196 721 4279 (i)
741 4198 799 4275 Ap.
815 4198 895 4260 Peir.
910 4197 948 4258 de
960 4199 1030 4260 Viu.
1044 4196 1214 4279 Apamiam,
1229 4195 1317 4257 mule.

536 4336 543 4349 ·
679 4301 719 4382 ic)
738 4304 820 4365 Alius
828 4310 1028 4383 proponentes.

682 4406 725 4488 (d)
746 4410 782 4469 iu
795 4410 945 4470 codicibus
958 4416 1000 4479 εις
1013 4426 1062 4485 up.
1075 4407 1156 4468 Petr.
1171 4408 1208 4468 du
1221 4407 1291 4467 Vin.
1307 4406 1400 4469 deest.

681 4518 719 4595 (e)
740 4517 798 4592 rip.
814 4516 890 4576 Petr.
906 4516 943 4577 du
956 4516 1028 4576 Vin.
1046 4513 1128 4593 (edit.
1144 4514 1182 4573 de
1198 4510 1285 4587 1666)
1299 4510 1383 4590 dom,
1397 4512 1484 4575 mule.

684 4620 731 4701 (s)
752 4620 813 4681 Sed
823 4624 853 4680 iu
866 4621 1016 4681 codicibus
1027 4621 1119 4681 deest.

686 4725 729 4807 (9)
749 4726 798 4787 Sic
810 4744 848 4786 ex
861 4726 1010 4786 codicibus
1022 4724 1222 4785 emendamus.
1236 4724 1272 4784 in
1285 4722 1354 4784 cdii.
1370 4722 1408 4783 de
1423 4732 1499 4785 1666
1513 4726 1618 4787 uoco.

681 4829 724 4911 (i)
746 4832 803 4891 iiic
815 4834 847 4891 iu
859 4832 986 4893 editione
997 4830 1036 4891 de
1050 4839 1127 4891 1666
1141 4830 1261 4893 additur
1272 4829 1407 4909 superii:
1421 4830 1502 4907 quod
1514 4832 1546 4891 iu
1558 4831 1709 4893 codicibus
1718 4834 1800 4908 juste
1812 4828 1904 4891 deest.
