4859 6359
420 789 516 849 lanam.
532 785 577 862 9.]
865 779 1060 841 1118Τοῐίῐῆ
1086 777 1377 838 olnt0lttlltctt.
1766 775 1826 835 7¹13

468 919 674 1014 Gregorius,
693 923 781 1008 etc,
802 915 974 988 Friderioo
996 915 1228 986 Romanorum
1243 912 1457 1006 imperatori,
1479 921 1545 982 etc.
1567 911 1718 1004 Dignum
1732 910 1826 982 illius

422 1044 564 1118 assuunt
584 1042 721 1116 animus
741 1038 910 1134 gaudium
937 1038 999 1132 qui
1025 1057 1064 1110 se
1083 1035 1302 1110 braobiornm
1327 1035 1461 1108 viribus
1484 1035 1530 1107 ab
1552 1034 1697 1107 aliorum
1721 1035 1825 1107 sentit

423 1166 679 1261 impugnatione
693 1164 877 1254 munitum,
894 1169 929 1235 et
942 1160 1195 1234 firmamentum
1213 1168 1297 1232 tnnc
1313 1158 1477 1232 decorum
1493 1157 1639 1232 efficitur
1650 1180 1730 1232 cnm
1744 1161 1826 1232 lune

423 1312 525 1384 quam
544 1311 615 1362 non
637 1288 783 1362 offuscat
807 1286 956 1382 eclypsis
975 1284 1082 1358 radiis
1107 1284 1306 1356 illustratur.
1333 1284 1437 1355 Porro
1458 1284 1487 1354 si
1514 1283 1695 1355 brachium
1717 1282 1827 1356 desti-

423 1421 538 1484 tuatur
553 1411 704 1506 potentia
723 1420 758 1482 et
772 1410 855 1481 luna
873 1418 1010 1503 propter
1027 1416 1193 1480 terrarum
1209 1407 1345 1478 obicem
1365 1406 1485 1479 solaris
1499 1406 1544 1477 sit
1565 1407 1706 1478 luminis
1720 1408 1825 1480 bene-

423 1534 499 1608 licio
519 1535 681 1629 spoliata,
703 1555 784 1629 pars
806 1541 917 1606 cetera
938 1531 1093 1627 corporis
1122 1531 1320 1626 iniquorum
1346 1530 1481 1621 injuriis
1498 1539 1533 1601 et
1552 1531 1696 1622 jacturis
1718 1552 1828 1627 expo·

424 1659 514 1730 nitur
534 1670 569 1732 et
594 1659 659 1731 celi
678 1657 783 1730 iacies
803 1656 912 1728 noctis
936 1665 1088 1751 tempore
1103 1654 1316 1746 denigratur.
1340 1654 1402 1725 llis
1426 1654 1552 1726 etenim
1570 1655 1828 1728 inductionibus

425 1782 558 1872 moniti,
585 1782 640 1853 bis
666 1782 769 1854 etiam
796 1779 990 1853 rationibus
1012 1779 1171 1868 excitati,
1196 1788 1236 1849 ut
1260 1779 1422 1868 maiestas
1442 1779 1637 1871 augmentis
1660 1789 1828 1874 augeatur

424 1914 569 1998 angusta
587 1904 762 1994 salicibus,
788 1911 827 1974 ut
844 1901 891 1976 ad
909 1903 986 1995 ejus
1004 1901 1204 1974 mandatum
1221 1901 1358 1974 rebellis
1378 1900 1513 1992 redeat,
1531 1900 1564 1972 ei
1585 1901 1747 1974 subditus
1764 1924 1828 1999 pa·

424 2037 495 2100 mat
508 2036 545 2100 et
566 2027 633 2100 sibi
648 2027 817 2100 barbarus
829 2027 874 2098 sit
889 2026 1065 2116 subjectus
1078 2025 1225 2098 lementi
1240 2024 1412 2098 desiderio
1424 2026 1601 2120 cupimus,
1622 2036 1657 2099 et
1671 2025 1828 2101 residens

425 2152 459 2224 in
477 2153 582 2225 nostri
604 2152 750 2247 pectoris
772 2160 904 2223 secroto
919 2149 1130 2246 propositum
1145 2170 1187 2221 eo
1200 2149 1364 2222 libentius
1384 2150 1578 2222 actionibus
1597 2151 1825 2246 explicamus,

425 2297 493 2368 quo
511 2276 632 2349 lortius
650 2276 687 2346 in
708 2273 917 2347 exaltatione
940 2273 1074 2368 imperii
1095 2271 1191 2367 quod
1212 2272 1368 2346 detonsio
1389 2282 1443 2346 est
1456 2273 1651 2368 Apostolice
1672 2277 1772 2350 Sedis
1794 2287 1829 2352 et

426 2399 618 2489 brachium,
642 2399 847 2472 sublimatur
871 2408 906 2470 st
930 2398 1116 2471 honoratur
1136 2397 1309 2488 Ecclesia,
1335 2419 1406 2492 quo
1428 2397 1628 2471 damnosius
1652 2401 1688 2472 in
1719 2401 1829 2497 ipsius

426 2525 518 2616 quod
541 2535 593 2596 est
617 2524 766 2596 Ecclesia
787 2523 985 2617 speculum,
1008 2519 1229 2616 depressione
1249 2523 1454 2616 opprimitur
1475 2533 1510 2594 ct
1528 2523 1575 2594 ab
1596 2523 1745 2596 bostium
1770 2547 1830 2598 re-

427 2659 539 2719 manet
565 2648 858 2740 persecutionibus
884 2645 1076 2720 indelensa.
1102 2648 1192 2718 Sane
1208 2667 1288 2717 cnm
1305 2646 1405 2737 olim,
1427 2645 1517 2718 sicut
1540 2648 1715 2738 asseritur,
1734 2650 1830 2724 cives

427 2771 638 2844 acconenses
657 2771 859 2844 excellentie
876 2781 936 2844 tue
952 2769 1098 2844 rebelles
1123 2770 1271 2843 existere
1291 2781 1393 2864 teque
1410 2771 1508 2864 regni
1529 2771 1830 2868 Hierosolymitani

426 2896 709 2990 presumpsissent
720 2895 856 2986 juribus
879 2895 1046 2991 spoliare,
1068 2894 1256 2966 venerabili
1274 2895 1369 2965 fratri
1387 2903 1548 2966 nostro...
1572 2895 1831 2993 archiepiscopo

425 3019 612 3092 Ravennati
639 3017 687 3092 ad
713 3029 825 3114 partes
854 3020 930 3092 illas
959 3018 1183 3114 personaliter
1222 3017 1401 3090 accedenti
1436 3018 1631 3112 apostolicis
1668 3019 1830 3094 dedimus

425 3142 541 3215 litteris
565 3143 601 3214 in
622 3142 794 3216 mandatis
815 3151 853 3215 ut
870 3163 933 3216 eos
951 3143 1048 3239 qnod
1071 3144 1215 3215 formam
1238 3142 1332 3236 pacis
1355 3142 1443 3214 inter
1463 3151 1498 3213 te
1514 3162 1556 3212 ac
1571 3141 1646 3214 illos
1669 3142 1830 3216 median-

426 3265 727 3340 tibus-venerabili
748 3269 841 3340 tratri
865 3275 981 3340 nostro
1003 3267 1195 3361 patriarcba
1221 3265 1434 3338 Antiocheno
1460 3274 1495 3338 et
1518 3264 1643 3339 dilecto
1666 3265 1737 3340 lilio
1758 3290 1831 3341 ma·

426 3390 530 3483 gistro
550 3387 674 3462 domus
691 3385 977 3464 lbeutonioornm
995 3399 1172 3464 tractatam
1185 3391 1425 3480 observarent,
1449 3389 1630 3462 induceret
1646 3389 1712 3488 (l).
1735 3392 1830 3466 Alio-

425 3512 509 3605 quin
526 3513 662 3602 omnia,
683 3511 800 3607 quoad
810 3515 869 3606 jus
887 3514 1113 3608 possessionis
1127 3523 1163 3586 et
1174 3513 1402 3608 proprietatis,
1421 3512 1458 3584 in
1472 3534 1553 3585 eom
1568 3523 1695 3586 statum
1710 3516 1747 3588 in
1760 3539 1832 3612 quo

426 3644 505 3708 ants
521 3647 630 3709 ortam
648 3636 860 3711 discordiam
877 3637 966 3710 inter
986 3637 1190 3710 Riocsrdum
1213 3636 1445 3730 Filaogerium
1464 3637 1709 3710 marescalcum
1732 3649 1831 3712 tuum

427 3769 462 3830 et
480 3759 613 3834 nobiles
636 3771 671 3832 st
693 3761 840 3835 barones
865 3763 961 3856 regni
986 3761 1131 3857 predicti
1159 3768 1193 3834 et
1215 3760 1311 3832 cives
1334 3758 1475 3832 eosdem
1496 3761 1604 3833 luisse
1627 3772 1828 3854 noscuntur,

429 3883 627 3956 auctoritate
639 3894 754 3956 nostra
766 3885 949 3976 reducens,
961 3885 1226 3958 contradictores
1239 3894 1274 3955 st
1286 3883 1432 3956 rebelles
1445 3905 1592 3958 censura
1604 3885 1833 3960 ecclesiastica

429 4018 610 4080 coerceret.
633 4009 719 4100 Qui,
738 4019 923 4104 antequam
944 4010 1011 4082 sibi
1035 4009 1082 4083 ds
1102 4008 1257 4104 predicte
1274 4009 1370 4102 pacis
1389 4029 1495 4102 quam
1515 4007 1597 4081 dicti
1615 4009 1833 4084 Acconenses

430 4130 571 4224 probare
597 4133 760 4206 volebant
777 4135 885 4206 forma
913 4143 1102 4225 constaret,
1123 4133 1231 4206 nostri
1256 4131 1410 4204 mandati
1437 4130 1562 4205 ordine
1585 4155 1654 4204 non
1681 4145 1830 4225 servato,

429 4255 666 4329 celsitudinem
683 4267 778 4329 tuam
796 4267 832 4330 et
851 4257 1001 4330 nobilem
1019 4258 1133 4331 virum
1147 4255 1342 4329 Conradnm
1359 4267 1479 4328 natum
1494 4266 1592 4327 tuum
1615 4257 1662 4330 ad
1678 4259 1833 4352 predicta

430 4379 593 4469 restituit3
609 4389 644 4454 et
658 4379 755 4475 qood
769 4381 864 4454 cives
874 4391 909 4455 et
921 4381 1058 4479 syndici
1066 4381 1284 4454 Acconenses
1296 4382 1425 4475 prelato
1436 4380 1601 4452 Riccardo
1618 4383 1830 4473 marescallo,

429 4486 488 4574 tuo
502 4511 537 4576 et
548 4501 706 4595 ejusdem
722 4505 795 4577 nati
809 4505 966 4594 nomine,
985 4525 1027 4578 ao
1044 4505 1122 4578 aliis
1138 4504 1264 4596 bajulis
1276 4525 1364 4598 quos
1378 4500 1427 4574 ibi
1442 4524 1504 4600 pro
1521 4511 1674 4600 tempore
1689 4503 1833 4578 duxeris

464 4797 501 4869 (t)
519 4796 559 4856 cr.
570 4811 677 4872 quoquo
688 4798 813 4856 mandata
825 4813 896 4873 prae
908 4798 943 4856 do
955 4797 1037 4872 buius
1049 4798 1243 4873 archiepiscopi
1256 4796 1587 4871 logatione,dataspoleti,
1599 4801 1616 4853 a
1627 4800 1733 4872 augusti
1749 4801 1830 4871 ηπ,

430 4891 552 4965 maslat's
562 4897 592 4952 et
602 4894 737 4955 univorsis
746 4895 822 4972 regni
834 4895 1068 4972 Hierosolymitani
1080 4911 1153 4972 papa
1169 4894 1676 4970 direxerat,otsoprac1brbentnr,p.
1691 4897 1754 4969 tar,
1769 4899 1832 4957 tta.
