4859 6359
642 806 704 869 oso
845 870 856 887 ‚
1191 796 1500 861 normannum.

641 936 834 1012 decembris
853 936 1036 1031 imperator
1050 952 1131 1005 cum
1153 932 1274 1023 majori
1290 940 1388 1027 parte
1407 932 1582 1007 exercitus
1598 930 1655 1003 sni
1678 931 1715 1003 in
1736 930 1950 1005 Alemaniam
1969 952 2047 1027 pro-

641 1060 775 1157 peravit
791 1057 841 1155 (a)
857 1066 997 1155 propter
1013 1057 1139 1130 ducem
1151 1054 1291 1129 Austris
1307 1056 1368 1150 qni
1383 1056 1416 1130 ei
1430 1055 1476 1153 (t)
1493 1054 1691 1130 rebellabat.

855 1360 1839 1377 po-—u-——n———n-——u——ffl——n—-Q

487 1706 602 1755 m
698 1638 902 1743 Heuricus,
926 1637 1184 1721 Romanorum
1210 1662 1295 1745 rex,
1317 1636 1367 1719 ad
1384 1636 1697 1746 supplicationem
1715 1633 1934 1717 Theoderici
1950 1632 2051 1713 Tre-

508 1767 568 1851 ru‘ll
647 1772 814 1855 verensis
840 1770 1129 1878 archiepiscopi,
1153 1768 1383 1853 monasterio
1405 1770 1453 1851 de
1470 1768 1726 1851 Hemmenmd
1751 1766 1948 1851 ecclesiam
1975 1764 2053 1846 ll-

649 1916 786 2014 trnppe
802 1904 949 1987 confert
972 1928 1063 1986 cnm
1088 1902 1269 1987 omnibus
1292 1902 1528 2011 pertiuentiis
1550 1901 1632 2010 ejus
1650 1910 1689 1983 et
1710 1900 1798 2010 jure
1814 1908 2050 2009 patronatus.

729 2112 790 2193 (dl.
810 2130 916 2193 supra,
929 2130 961 2189 p.
983 2121 1054 2175 tat.
1069 2114 1260 2193 Prlvlleglum
1280 2113 1426 2174 lusdltum
1445 2130 1527 2175 nuuc
1546 2115 1695 2191 lntegrnm
1713 2112 1820 2173 manus
1837 2128 1875 2171 ex
1895 2110 2056 2186 exemplerl

768 2222 854 2297 culus
866 2218 952 2279 ncbls
964 2217 1124 2279 liberaliter
1140 2219 1256 2295 coptam
1269 2218 1339 2279 teelt
1350 2218 1541 2279 Boehmems.
1557 2218 1651 2280 Adest
1662 2220 1694 2279 ln
1710 2212 1876 2279 Gdortulor.
1891 2216 2054 2277 Hammona

769 2326 807 2385 dc
820 2340 890 2385 ann.
906 2332 996 2403 rats,
1013 2324 1073 2385 vol.
1089 2325 1149 2400 111,
1163 2324 1216 2386 tol.
1234 2334 1284 2399 eo,
1299 2341 1346 2402 up.
1363 2324 1498 2386 biblioth.
1513 2320 1745 2401 (treverensem.)

698 2510 878 2585 Heinriens
913 2508 1103 2603 septimus,
1129 2506 1251 2581 divina
1284 2509 1422 2581 favente
1452 2508 1633 2583 clementia
1661 2508 1891 2581 Romanomm
1931 2526 1995 2578 rex
2023 2514 2059 2577 et

652 2656 788 2731 semper
810 2641 994 2727 angustus,
1014 2632 1187 2705 universis
1205 2634 1473 2727 imperpetuum.
1492 2632 1581 2718 Quia
1597 2631 1809 2705 desiderium
1833 2638 1989 2705 nostrum
2007 2636 2060 2701 est

653 2760 797 2833 dilatare
821 2756 981 2831 redditus
1002 2756 1247 2848 ecclesiarum,
1270 2775 1333 2851 pre
1357 2756 1478 2829 esteris
1501 2766 1615 2829 tamen
1636 2756 1816 2829 ecelesiam
1837 2752 2059 2827 llemminrod

653 2882 795 2979 speciali
818 2880 1057 2975 amplectimur
1079 2878 1263 2952 dilectione
1279 2878 1326 2951 ob
1348 2879 1604 2973 religiositatem
1626 2878 1785 2971 ejusdem
1809 2878 1954 2951 ecclesie
1974 2896 2060 2970 per-

652 3027 829 3079 sonarum.
847 3003 1090 3077 Meminnerint
1105 3002 1211 3093 igitur
1224 3012 1399 3097 presentes
1411 3010 1446 3077 st
1460 3004 1581 3093 futuri,
1596 3002 1695 3097 quod
1709 3022 1785 3091 nos,
1801 3000 2060 3096 adpetitionem

654 3128 771 3203 dilecti
786 3125 951 3223 principis
972 3125 1079 3198 nostri
1103 3124 1166 3197 Th.
1195 3126 1416 3199 Treverensis
1437 3126 1707 3221 archiepiscopi,
1732 3124 1876 3198 ecclesie
1897 3124 2062 3219 Hymme·

654 3251 794 3325 rodensi
820 3249 1030 3324 contulimus
1052 3248 1234 3322 ecclesiam
1254 3246 1423 3345 Altruppe
1439 3248 1493 3347 (t)
1512 3270 1593 3323 cnm
1614 3250 1707 3323 omni
1723 3251 1801 3341 jure
1818 3248 1926 3321 libere
1942 3256 2061 3319 tenen·

655 3374 737 3447 dam
754 3383 789 3446 et
804 3373 922 3467 quiete
940 3370 1203 3467 possidendum,
1229 3380 1299 3445 tam
1323 3372 1359 3443 in
1378 3372 1485 3468 pratis
1500 3394 1606 3467 quam
1622 3373 1660 3445 in
1676 3372 1774 3445 silvis
1788 3380 1824 3445 et
1836 3372 1872 3443 in
1889 3370 2008 3465 aquis,
2027 3380 2063 3443 et

655 3498 765 3593 ipsam
787 3496 967 3569 ecclesiam
987 3516 1068 3567 oum
1088 3496 1166 3587 jure
1182 3504 1383 3590 patronatus
1405 3498 1473 3593 ipsi
1496 3496 1640 3571 ecclesie
1663 3518 1711 3570 ex
1735 3494 1953 3592 providentia
1975 3514 2063 3566 eon-

655 3622 725 3694 silii
746 3620 853 3693 nostri
877 3618 1044 3692 duximus
1063 3616 1348 3693 confirmandam.
1374 3622 1419 3694 Ut
1446 3630 1564 3695 antem
1586 3622 1652 3694 hec
1679 3628 1795 3693 nostra
1824 3615 1966 3692 donatio
1990 3626 2062 3689 ratu

655 3750 872 3839 permaneat,
894 3762 960 3815 neo
980 3740 1126 3834 alicujus
1148 3742 1329 3817 dolositate
1352 3745 1544 3836 cavilletur,
1568 3742 1775 3818 mandamus
1796 3751 1831 3816 et
1854 3740 2064 3837 precipimus

656 3868 723 3939 snb
744 3864 1018 3939 interminatione
1033 3866 1143 3959 gratie
1160 3874 1294 3955 nostre,
1315 3876 1355 3940 nt
1375 3868 1492 3941 nullus
1509 3868 1554 3940 sit
1570 3868 1632 3962 qni
1651 3866 1735 3939 huie
1754 3874 1869 3939 nostre
1885 3862 2062 3939 donationi

657 3985 785 4058 audeat
803 3984 971 4057 malitiose
993 3983 1149 4057 obviare.
1168 3985 1270 4071 Quod
1285 3986 1346 4081 qui
1366 3986 1506 4077 lecerit,
1523 3986 1774 4081 Omnipotentis
1791 3984 2062 4079 indignationem

657 4117 692 4182 et
708 4116 858 4181 nostram
875 4128 914 4181 se
929 4107 1066 4180 noverit
1081 4107 1279 4181 incurrisse.

706 4233 830 4304 Datum
846 4229 941 4326 apud
956 4229 1161 4324 Augustam,
1178 4253 1271 4305 anno
1289 4230 1463 4305 dominice
1480 4232 1725 4305 ineamaticnis
1738 4232 1919 4306 millesimo
1932 4229 2063 4305 dueen-

658 4354 780 4429 tesimo
794 4353 966 4427 tricesimo
978 4353 1102 4448 primo,
1119 4355 1221 4429 nonis
1236 4354 1448 4449 novembris,
1466 4354 1656 4430 indictione
1669 4356 1711 4429 V.
2023 4342 2025 4345 ’

698 4532 740 4613 (α)
762 4532 799 4593 1¹¹
813 4531 914 4594 ⁰⁰⁶¹oe
920 4531 1103 4613 remit·

697 4636 736 4719 (b)
758 4640 794 4701 ln
805 4638 906 4700 codice
918 4638 970 4701 eis.

697 4899 734 4973 (t)
753 4898 858 4957 Scilicet
867 4896 987 4971 Altrs'pp,
999 4896 1034 4954 ad
1047 4894 1182 4954 smmtram
1192 4894 1279 4954 Rheni
1291 4896 1378 4971 ripam
1388 4896 1457 4955 inter
1469 4894 1576 4971 Spirmu
1588 4902 1617 4954 st
1626 4894 1787 4955 llmnlreim.
