4859 6359
474 683 570 744 111111.
586 678 630 762 8.]
914 678 1115 744 HISTORIA
1140 682 1434 746 btrtottsrtcs.
1823 687 1878 746 751

474 814 565 908 regia
580 835 645 888 seu
663 813 884 908 imperatoria
904 815 1084 911 suscipiat.
1107 816 1304 910 Adjicimus
1332 816 1435 890 ctiam
1458 825 1498 888 ut
1519 816 1609 889 sicot
1635 837 1682 890 ex
1712 820 1878 892 1111111111

474 934 669 1032 principum
685 957 800 1008 coram
819 936 918 1009 nobis
931 937 1129 1031 judicatum
1148 950 1218 1032 est,
1241 941 1357 1012 nullus
1379 937 1624 1012 villicationem
1640 939 1677 1012 in
1692 941 1878 1035 possessio-

474 1061 577 1135 nibus
593 1060 643 1134 ad
655 1058 809 1134 eundem
822 1061 939 1134 locum
956 1063 1208 1158 pcrtinentibus
1220 1063 1426 1138 hereditario
1439 1064 1518 1155 jure
1534 1071 1648 1136 teneat
1663 1065 1720 1138 vel
1733 1073 1876 1158 repetat,

473 1185 534 1258 sed
547 1185 659 1258 abbas
675 1187 737 1279 qui
754 1206 818 1280 pro
831 1193 983 1281 tempore
1001 1188 1105 1261 inerit
1124 1188 1289 1263 idoneum
1303 1196 1339 1262 et
1356 1187 1493 1262 fidelem
1511 1188 1666 1264 villicum
1688 1186 1733 1262 de
1751 1190 1879 1264 familia

473 1309 668 1383 nonasterii
682 1307 1089 1405 constituatetdeponat.
1107 1311 1153 1384 At
1172 1313 1203 1384 si
1221 1312 1300 1407 quis
1314 1311 1360 1386 dc
1381 1312 1510 1388 familia
1535 1313 1730 1386 monasterii
1761 1315 1876 1388 abbati

472 1453 534 1506 sno
549 1433 684 1505 rebellis
698 1432 861 1505 inventus
873 1431 994 1524 fuerit,
1012 1455 1060 1507 ex
1071 1435 1209 1528 judicio
1230 1445 1266 1510 et
1283 1436 1494 1510 districtione
1512 1437 1648 1532 parium
1665 1459 1807 1509 suorum
1827 1439 1873 1512 nd

471 1555 734 1630 satisfactionem
757 1556 892 1629 abbatis
912 1564 1069 1650 cogatur.
1098 1559 1322 1633 Decernimns
1340 1581 1422 1654 ergo
1439 1570 1473 1632 et
1490 1559 1654 1654 imperiali
1678 1561 1878 1636 anctoritate

471 1678 679 1773 precipimus
703 1689 744 1750 ut
763 1680 880 1752 nullus
906 1700 1147 1756 successorum
1174 1691 1369 1756 nostrorum
1398 1703 1518 1776 regom
1549 1692 1584 1756 et
1611 1683 1871 1780 imperatorum,

471 1803 585 1874 nullus
599 1802 799 1898 episcopus,
827 1800 925 1892 dux,
951 1803 1122 1896 marchio,
1148 1826 1263 1878 comes
1277 1805 1331 1877 vel
1350 1805 1541 1877 vicecomes
1565 1814 1626 1878 aut
1642 1807 1708 1878 alia
1720 1807 1876 1900 quelibet

471 1945 616 2020 persona
638 1942 762 2018 magna
781 1924 858 1998 sive
875 1945 983 2020 parva
1001 1925 1108 2021 hujus
1122 1937 1239 2002 111111
1254 1928 1486 2002 renovationis
1505 1927 1794 2002 confirmationem
1813 1931 1876 2002 in-

471 2049 620 2143 tringere
634 2057 831 2143 presumat,
858 2049 924 2123 sed
945 2049 1123 2146 predictos
1141 2053 1251 2125 abbas
1272 2053 1398 2146 soiqnc
1419 2073 1635 2126 soccessores
1659 2062 1772 2126 nostra
1800 2055 1875 2126 freti

470 2173 672 2246 1111111111
682 2173 775 2246 bona
789 2174 987 2248 monasterii
995 2175 1228 2269 recoligendc
1242 2176 1420 2271 pristinam
1436 2175 1592 2268 ejusdem
1607 2177 1673 2250 loci
1687 2177 1876 2252 libertatem

470 2299 544 2370 sine
567 2297 805 2393 impedimenti
825 2297 983 2372 molestie
1007 2298 1197 2372 obtineant.
1223 2299 1258 2372 Si
1283 2299 1363 2394 quis
1388 2321 1489 2386 vero,
1517 2299 1613 2394 quod
1639 2299 1745 2390 absit,
1769 2300 1874 2394 hujus

470 2424 618 2517 precepti
636 2421 744 2496 nostri
758 2429 925 2494 statutum
939 2422 1127 2517 infringere
1150 2424 1385 2518 temptaverit,
1409 2433 1547 2496 centum
1570 2423 1674 2496 libras
1697 2425 1773 2496 anri
1799 2427 1873 2520 puri

471 2555 662 2641 componat,
677 2556 969 2642 quarumpartcm
983 2547 1165 2620 dimidiam
1178 2546 1262 2620 fisco
1276 2557 1391 2620 nostro
1400 2557 1435 2622 et
1449 2548 1615 2642 reliquam
1630 2547 1785 2642 predicto
1799 2571 1873 2622 rno-

472 2671 617 2744 nasterio
644 2671 832 2766 persolvat.
862 2671 907 2744 Ut
921 2682 1037 2745 autem
1063 2673 1129 2746 bec
1153 2673 1200 2746 ab
1227 2672 1389 2745 omnibns
1408 2671 1592 2744 credantur
1621 2679 1656 2744 et
1672 2671 1875 2745 inconvulsa

470 2794 672 2886 habeantur,
684 2793 776 2868 banc
793 2794 879 2868 inde
890 2805 1021 2868 cartam
1039 2795 1145 2868 scribi
1156 2795 1323 2887 jussimus
1338 2805 1374 2868 et
1390 2793 1609 2867 sublimitatis
1629 2803 1744 2866 nostre
1758 2795 1871 2887 sigillo

471 2939 573 2991 aureo
583 2919 791 2991 communiri
804 2918 874 3014 (1),
894 2939 1071 3012 manuque
1087 2919 1228 3014 propria
1243 2917 1652 2992 corroborantcsidoneos
1670 2921 1874 2992 111111111-

470 3041 576 3113 notari
590 3041 759 3132 lecimus,
775 3061 926 3135 quornm
939 3041 1007 3115 bec
1018 3051 1100 3114 sunt
1113 3043 1255 3114 nomina
1275 3067 1284 3112 1

513 3162 721 3237 Godeiridos
739 3163 984 3259 aquilegensis
1007 3165 1219 3261 patriarcba,
1253 3165 1431 3260 Philippus
1461 3163 1671 3237 coloniensis
1699 3163 1870 3259 archiepi-

465 3305 604 3382 scopus,
617 3287 1020 3362 Williclmosltavennas
1029 3289 1327 3384 archiepiscopus,
1341 3288 1420 3360 Otto
1432 3287 1660 3380 Frisingensis
1674 3288 1868 3384 episcopus,

460 3407 661 3485 Boniiacius
672 3412 896 3485 Novaniensis
908 3412 1109 3508 episcopus,
1124 3413 1298 3486 lohannes
1315 3413 1438 3485 Sancte
1449 3409 1654 3506 Agatbcnsis
1667 3411 1867 3508 episcopus,

455 3532 627 3610 liufridus
649 3535 757 3609 abbas
780 3536 897 3610 Sancti
919 3535 1095 3610 Benedicti
1121 3536 1246 3608 Montis
1264 3535 1393 3624 Casini,
1419 3535 1610 3608 Willelmus
1628 3535 1736 3608 abbas
1750 3535 1872 3608 Sancte

449 3658 592 3756 Sopbie
609 3660 646 3732 in
658 3661 874 3750 Benevento,
893 3660 973 3733 Otto
984 3661 1188 3734 Boemorum
1204 3660 1298 3752 dux,
1315 3658 1493 3733 Conradus
1507 3657 1583 3732 dux
1594 3657 1639 3731 de
1650 3657 1867 3750 llotemburo,

443 3779 1310 3880 1111111Ιά111(111111111111111111111111111111,
1328 3783 1495 3856 ilenricns
1509 3778 1661 3854 marchio
1674 3779 1874 3854 deRomes-

443 3901 589 3996 hereb,
607 3907 776 3981 Henricos
788 3909 892 3982 irater
910 3907 1011 3980 ducis
1025 3906 1180 3998 Austris,
1204 3905 1332 3978 Albero
1349 3925 1464 3978 comes
1476 3903 1522 3978 de
1535 3905 1671 3995 liugan,
1698 3903 1870 3976 Gerardos

436 4047 581 4102 comes
596 4027 642 4103 de
654 4029 881 4122 Tollenstein,
907 4029 1211 4102 Raboldnscomes
1233 4028 1279 4102 de
1295 4026 1533 4114 Ortembcroh,
1558 4026 1730 4098 Gunteros
1751 4046 1868 4098 comcs

433 4149 508 4225 de
525 4152 765 4238 Kavernberc,
792 4155 911 4226 Petrus
923 4153 1020 4226 urbis
1030 4153 1138 4226 Rome
1149 4153 1337 4248 prefectus,
1358 4151 1567 4226 Tbedericus
1586 4170 1702 4222 comes
1718 4148 1763 4222 de
1784 4148 1870 4220 llos·

430 4274 585 4366 tadeo,
611 4276 812 4348 lambertum
826 4297 941 4350 comes
956 4275 1231 4370 delburingen,
1250 4275 1441 4350 Richardos
1453 4295 1567 4348 comes
1585 4273 1722 4363 Consie‚
1741 4271 1870 4345 Willel·

428 4412 542 4470 mns
554 4419 673 4473 comes
688 4398 843 4492 (inserte,
859 4409 895 4474 et
910 4399 969 4474 alii
982 4401 1218 4497 quamplures.

1427 4587 1588 4600 η--ί-ι-ι-

437 4783 456 4840 ¹
500 4697 539 4770 (1)
558 4697 750 4761 ltullalleorici
759 4718 842 4763 aurea
851 4703 1089 4778 optimeerp'resss
1098 4708 1128 4763 et
1137 4701 1308 4776 integerrima
1316 4697 1413 4774 pandet
1426 4695 1462 4756 ab
1470 4695 1591 4770 originali
1604 4695 1631 4751 in
1642 4693 1751 4752 archivo
1763 4689 1874 4750 Bruxel-

459 4793 535 4851 ensi
546 4803 694 4856 1111111111.
843 4825 850 4836 ·
