4859 6359
406 761 503 826 sne.
519 757 565 844 s]
859 757 1055 826 nrsrnnts
1079 759 1375 830 nncuouamnn.
1756 758 1815 820 su

406 893 539 972 musam
562 891 658 988 quod
682 888 730 968 ad
757 892 1001 972 exaltationem
1023 897 1174 974 ltoetesie
1198 921 1240 976 sc
1263 897 1432 976 catholice
1447 894 1528 974 fidei
1553 895 1726 996 perpetuis
1746 918 1815 996 pa*

406 1030 501 1094 ratus
519 1016 732 1114 temporibus
749 1014 891 1092 studeas
907 1017 1075 1114 inueniri,
1099 1020 1134 1096 iu
1154 1031 1251 1098 utero
1274 1024 1398 1100 mentis
1423 1041 1509 1117 pure
1529 1020 1763 1116 concipimus,
1779 1029 1814 1092 et

407 1139 512 1218 fidem
530 1163 650 1216 eorum
673 1139 864 1216 mendaciis
884 1140 1049 1220 adhibere
1067 1145 1128 1238 qui
1155 1145 1244 1220 inter
1265 1146 1454 1224 Ecclesiam
1475 1154 1509 1220 et
1526 1143 1709 1242 imperium
1733 1143 1813 1220 uni·

406 1272 510 1340 tatem
528 1285 549 1340 a
575 1263 763 1340 mediatore
779 1264 841 1338 Dei
859 1271 893 1338 et
908 1263 1085 1340 homiuum
1103 1266 1295 1346 ordinatam
1317 1270 1501 1346 vulnerare
1516 1267 1675 1366 cupiunt,
1693 1266 1814 1367 probi-

405 1387 541 1462 bemur.
560 1387 647 1462 Nam
670 1407 751 1462 cum
775 1388 856 1460 olim
886 1390 1103 1484 presentibus
1130 1394 1318 1470 venerabili
1337 1394 1432 1472 fratri
1448 1393 1628 1471 sabinensi
1651 1392 1813 1490 episcopo

406 1519 441 1586 et
458 1511 584 1584 dilecto
599 1509 670 1584 tilio
689 1520 805 1586 nostro
821 1511 859 1586 Ρ.
877 1513 992 1588 Sancti
1010 1513 1145 1609 Georgii
1161 1516 1206 1590 ad
1222 1518 1346 1595 Vetum
1364 1517 1519 1593 Aureum
1532 1516 1677 1592 diacono
1692 1517 1814 1594 cardi-

407 1636 494 1727 nali,
515 1635 576 1730 qui
596 1634 642 1710 ob
663 1635 702 1710 id
719 1635 765 1708 sd
782 1637 1022 1712 exceltentiam
1040 1649 1152 1730 tuam,
1170 1653 1204 1714 te
1222 1651 1359 1737 pemnts
1380 1641 1551 1742 nobisque
1568 1640 1815 1717 mandantibus

406 1767 643 1850 assesserunt,
673 1759 858 1834 nonnullos
882 1761 1107 1840 subversores
1128 1762 1209 1838 fidei
1238 1765 1346 1860 digna
1374 1765 1495 1839 feceris
1516 1764 1815 1842 animadversione

407 1883 540 1979 puniri,
572 1904 673 1976 cum,
699 1883 833 1978 imperii
856 1884 989 1960 viribus
1016 1897 1053 1964 et
1080 1890 1178 1982 regni
1205 1889 1374 1982 collectis,
1397 1888 1549 1965 Ecclesia
1578 1888 1812 1964 defensionem

407 2027 511 2102 super
542 2028 613 2100 qno
637 2007 816 2102 sepissime
838 2009 1004 2084 serenitas
1025 2020 1085 2084 tua
1113 2010 1218 2106 digne
1248 2014 1410 2108 preconio
1437 2013 1551 2090 landis
1572 2013 1750 2102 attollitur,
1775 2013 1812 2088 iu

406 2130 545 2226 propria
579 2151 726 2226 persona
759 2134 972 2229 susceperis,
1010 2143 1045 2208 et
1075 2143 1115 2212 ut
1150 2136 1227 2229 ejus
1258 2137 1373 2213 hostes
1407 2138 1611 2233 reprimeres
1635 2144 1670 2210 te
1696 2135 1814 2212 multis

405 2255 603 2352 sumptibus
619 2263 655 2328 et
669 2255 846 2332 laboribus
862 2257 1033 2352 tetigerim
1054 2281 1134 2334 enm
1155 2260 1285 2356 pluries
1306 2282 1366 2358 per
1384 2261 1525 2336 nuntios
1538 2269 1574 2336 et
1588 2260 1715 2336 litteras
1737 2271 1816 2336 tuas

407 2381 503 2458 tede
519 2381 662 2458 consilio
683 2391 797 2458 nostro
815 2384 851 2460 in
867 2385 1011 2480 negotiis
1027 2383 1109 2462 fidei
1124 2396 1159 2462 et
1178 2387 1345 2464 libertatis
1365 2387 1595 2464 ecclesiastice
1611 2408 1653 2458 ac
1669 2407 1814 2484 recupe-

406 2505 539 2580 ratione
552 2507 684 2600 jurium
700 2507 852 2584 Ecclesie
866 2517 900 2582 et
917 2509 1052 2604 imperii
1065 2511 1263 2606 promiseris
1278 2533 1532 2608 processurum,
1545 2511 1705 2608 cogitatio
1722 2521 1814 2585 recta

408 2650 475 2703 non
493 2629 613 2726 recipit
629 2639 664 2706 et
681 2631 741 2722 ius
766 2632 911 2706 rationis
933 2632 1074 2710 credere
1100 2656 1171 2710 non
1194 2636 1359 2730 permittit
1375 2644 1413 2708 ut
1428 2635 1464 2708 iu
1487 2635 1601 2712 virum
1627 2656 1816 2712 conversus
1875 2734 1878 2737 1

406 2753 511 2828 alium
535 2775 556 2828 a
583 2764 691 2828 mntre
710 2763 768 2830 tun
793 2757 942 2834 evellere
963 2758 1083 2858 cupies
1108 2759 1274 2836 libertatis
1306 2757 1534 2838 ecclesiastice
1561 2758 1812 2834 fulcimentum.

406 2876 528 2954 Sedet
547 2879 795 2973 argumentosi
820 2882 932 2978 placet
960 2883 1010 2958 uti
1030 2883 1157 2978 poteris
1174 2885 1279 2960 simili
1297 2905 1343 2960 ne
1367 2905 1429 2980 per
1451 2882 1588 2961 siuhtre
1609 2883 1815 2978 suspicionis

406 3001 634 3093 absinthium,
655 3013 752 3078 tunm
769 3003 814 3078 ds
831 3006 933 3080 nobis
950 3008 1128 3082 amaricari
1146 3008 1323 3104 permittes
1340 3008 1511 3100 auditum,
1531 3006 1593 3102 qui
1616 3007 1678 3081 tibi
1696 3017 1814 3084 contra

405 3147 465 3200 eos
482 3127 542 3221 qui
564 3127 775 3223 imperialem
798 3130 985 3225 potentiam
1004 3131 1214 3226 quibusdem
1237 3133 1389 3211 versutis
1409 3131 1651 3210 dolositatibus
1671 3151 1739 3208 nou
1764 3132 1814 3207 ie-

406 3251 494 3326 viter
514 3250 631 3326 ledere
653 3250 876 3340 videbantur,
896 3263 1049 3350 patenter
1070 3255 1284 3349 adstitinnus,
1302 3258 1365 3352 qui
1383 3257 1547 3333 honorem
1564 3263 1664 3329 tuum
1682 3265 1752 3334 tam
1777 3257 1812 3331 iu

406 3374 530 3450 minori
544 3397 649 3470 quem
666 3377 703 3452 iu
718 3378 928 3472 apostotrtus
939 3379 1052 3454 officio
1066 3381 1356 3473 constituti,bcna
1370 3379 1567 3473 lide,etiam
1578 3389 1613 3454 te
1625 3381 1811 3465 nesciente,

406 3498 655 3593 promovimus,
674 3499 770 3594 quod
782 3510 818 3578 et
834 3501 946 3578 facere
961 3525 1054 3580 nuuc
1072 3504 1162 3580 sicut
1176 3515 1211 3577 et
1226 3505 1407 3596 hacteuus,
1423 3505 1502 3581 licet
1517 3504 1601 3584 inde
1616 3505 1713 3580 multi
1729 3505 1819 3578 sub·

406 3633 637 3714 murmurent,
657 3645 726 3700 nnn
745 3645 933 3702 mamus.
953 3627 1025 3704 Nec
1041 3629 1134 3704 enirn
1152 3640 1270 3726 posset
1289 3629 1336 3708 ad
1357 3629 1594 3708 credulitatem
1612 3629 1680 3706 nisi
1696 3630 1814 3706 minus

405 3767 488 3822 saue
512 3750 636 3822 mentis
661 3747 827 3824 accedere
850 3759 888 3822 nt
910 3751 967 3846 pia
991 3761 1100 3828 nrater
1122 3752 1276 3828 Ecclesia
1293 3775 1362 3848 que
1378 3763 1412 3828 te
1435 3776 1483 3828 ex
1509 3763 1569 3829 tue
1595 3764 1693 3831 utero
1711 3754 1813 3849 geni-

406 3870 499 3944 tricis
517 3871 563 3944 ab
580 3872 624 3946 iis
644 3872 707 3968 qui
725 3873 796 3948 vite
820 3885 856 3950 et
878 3883 968 3952 terre
991 3883 1050 3952 tue
1072 3876 1302 3952 moliebantur
1322 3877 1480 3972 insidias,
1505 3887 1661 3979 potenter
1683 3878 1812 3973 eripuit

403 4003 438 4070 et
454 4013 564 4090 usque
580 3995 628 4072 ad
641 3996 706 4074 bec
724 4005 877 4094 tempore
892 3997 938 4074 ad
959 4001 1256 4077 conservationem
1268 4000 1410 4078 honoris
1427 4002 1478 4078 tui
1491 4003 1608 4078 multia
1625 4001 1812 4080 sudoribus

404 4118 589 4211 laboravit,
613 4122 823 4220 prepotentis
849 4121 993 4200 dextere
1016 4123 1195 4200 brachium
1221 4124 1372 4220 presidio
1392 4146 1519 4221 sponse
1541 4125 1665 4202 Christi
1687 4127 1810 4204 celitus

404 4241 608 4340 deputatum
622 4245 811 4324 temeritate
827 4247 1011 4340 cujuslibet
1029 4248 1235 4344 suspicionis
1254 4249 1411 4328 amittere
1429 4258 1465 4326 et
1479 4250 1564 4326 tanti
1580 4250 1667 4326 velit
1681 4249 1809 4325 laboris

403 4369 562 4444 meritum
580 4391 740 4448 vacuare.
759 4373 888 4447 lterum
904 4393 1010 4468 super
1027 4394 1069 4448 eo
1085 4371 1184 4469 quod
1197 4382 1232 4450 te
1249 4373 1416 4474 scripsisti
1435 4373 1566 4452 exinde
1585 4395 1655 4450 non
1672 4373 1808 4466 ubsque

401 4493 534 4570 atione
551 4494 668 4570 mirari
680 4493 777 4590 qnod
791 4497 882 4572 cirea
899 4497 1026 4574 iactum
1039 4497 1246 4593 prelatorum
1263 4499 1360 4592 regni
1377 4499 1473 4594 prins
1489 4519 1537 4576 ex
1549 4498 1626 4574 soto
1639 4496 1809 4576 tuerimus

402 4637 540 4692 rumore
555 4618 801 4714 turbationem
818 4620 864 4698 sd
884 4630 976 4698 tuam
993 4620 1162 4712 notitiam,
1180 4621 1271 4698 sicut
1286 4643 1335 4700 ex
1346 4621 1507 4702 condicto
1516 4621 1692 4717 sperabas,
1711 4623 1809 4699 iece-

402 4741 510 4818 rirnns
533 4741 704 4818 insinuata
720 4743 884 4840 peduci,
904 4744 1143 4823 vehementius
1159 4744 1385 4836 admiramur,
1407 4745 1537 4842 quiesi
1561 4766 1610 4822 an
1634 4744 1807 4823 dictum

401 4866 490 4940 tacto
503 4867 562 4942 nel
586 4867 712 4942 iactum
733 4889 755 4946 e
775 4867 867 4946 dicto
884 4869 1100 4946 existentiam
1118 4879 1245 4964 sumat,
1263 4871 1441 4968 inspicias,
1457 4879 1590 4967 quanta
1610 4869 1655 4945 sit
1672 4869 1809 4964 reique
