4859 6359
560 780 621 843 906
1063 786 1274 849 intonaret
1300 787 1474 849 SECUNDI
1780 784 1860 868 [dus.
1879 782 1965 847 lato.

612 918 833 992 Sanctissimo
850 920 887 991 iu
900 919 1033 993 Christo
1050 922 1138 1017 patri
1157 922 1300 997 domino
1315 921 1498 1015 Gregorio,
1520 920 1581 993 Dei
1597 920 1706 1013 gratia
1722 940 1858 992 summo
1879 941 1969 1013 pou-

563 1040 660 1133 vinci,
679 1043 900 1135 Fredericus‚
919 1045 1043 1117 eadem
1061 1047 1174 1139 gratia
1199 1048 1429 1121 Romanorum
1452 1045 1649 1139 imperator,
1673 1054 1755 1133 eto,
1774 1044 1917 1117 salutem
1936 1053 1969 1113 et

561 1166 786 1239 reverentiam
814 1166 964 1241 filialem.
993 1169 1111 1265 Nuper
1137 1170 1184 1244 ad
1210 1172 1340 1265 justam
1362 1178 1478 1243 nostre
1507 1166 1679 1263 petitionis
1701 1167 1897 1239 instantiam
1923 1165 1967 1238 do

560 1290 774 1364 cohercenda
793 1314 855 1387 ρετ
877 1314 1057 1365 censuram
1083 1295 1349 1369 ecclesiasticam
1377 1292 1593 1368 contumacia
1621 1290 1909 1375 bombardorum,
1930 1290 1966 1360 in

558 1434 629 1507 qua
647 1413 832 1486 debuimus
850 1438 912 1510 per
928 1438 992 1489 vos
1017 1416 1114 1489 velut
1130 1440 1193 1513 per
1215 1418 1379 1491 zelatores
1393 1416 1527 1509 justitie
1544 1414 1729 1511 preveniri,
1750 1435 1812 1508 per
1828 1414 1966 1485 nuntios

558 1546 692 1610 nostros
709 1538 906 1633 accepimns
921 1540 1017 1633 quod
1035 1561 1096 1637 per
1111 1550 1265 1613 vestrum
1291 1538 1502 1637 respondero
1524 1538 1623 1611 nobis
1651 1536 1775 1610 idonee
1795 1536 1964 1609 deberetis

559 1670 593 1735 et
611 1662 691 1734 cito.
717 1663 988 1757 Expectantibus
1009 1664 1135 1739 deinde
1153 1666 1255 1740 uobis
1270 1674 1427 1761 optatum
1446 1662 1492 1737 de
1519 1672 1587 1735 tam
1613 1660 1793 1734 favorabili
1817 1660 1963 1753 requisi-

557 1785 652 1859 tione
668 1806 887 1879 responsum,
914 1808 957 1864 ac
982 1786 1023 1860 G.
1041 1786 1087 1860 de
1103 1788 1268 1861 Romania
1294 1789 1492 1883 cappellano
1519 1795 1632 1859 vestro
1649 1784 1795 1881 pminde
1812 1784 1858 1856 ad
1886 1804 1963 1855 nos·

557 1920 645 1983 tram
663 1910 871 2006 presentiam
890 1910 1069 2001 veniente,
1087 1934 1150 2007 per
1165 1934 1246 1985 enm
1265 1934 1329 1985 nec
1348 1910 1520 2007 questioni
1538 1910 1747 1983 satisfactum
1769 1906 1964 2003 accepimus

557 2054 625 2107 nee
640 2034 814 2128 querenti;
833 2033 895 2108 sed
913 2035 1068 2130 eoquod
1088 2058 1151 2132 per
1175 2036 1314 2109 nuntios
1339 2044 1473 2109 nostros
1497 2034 1657 2109 mutarat
1682 2053 1796 2105 eoram
1815 2032 1961 2125 paterni·

557 2165 627 2230 tate
639 2168 755 2231 vestra
772 2159 986 2255 propositum
1012 2160 1167 2233 velutin
1194 2160 1347 2254 quadam
1372 2158 1497 2233 somnii
1521 2156 1698 2231 oblivione
1712 2156 1873 2241 deducto,
1895 2177 1963 2250 ρε-

557 2282 692 2357 titiones
714 2283 885 2377 quasdam
907 2284 1045 2358 avobis
1063 2285 1262 2379 acecpimus
1284 2302 1347 2380 pro
1365 2303 1547 2379 responso,
1572 2280 1620 2354 ed
1641 2302 1729 2375 quas
1751 2280 1781 2352 si
1810 2279 1964 2353 doctriua

556 2416 671 2479 vestre
704 2408 866 2502 prosequi
894 2408 1061 2482 vellemus
1093 2410 1295 2505 exemplum
1317 2411 1375 2483 vel
1405 2408 1596 2483 doctrinam
1624 2405 1797 2501 exempli,
1825 2425 1963 2499 pmrsus

554 2529 836 2625 expectationum
852 2538 1043 2603 vestrarum
1057 2530 1229 2605 desideria
1248 2531 1515 2619 fraudassemus,
1529 2530 1587 2603 vel
1602 2528 1723 2601 saltem
1739 2526 1873 2600 tamdiu
1887 2550 1962 2599 sus-

553 2653 795 2749 pendissemus
811 2653 950 2727 easdem
968 2655 1138 2749 quamdiu
1162 2656 1258 2749 qnod
1285 2678 1347 2753 per
1374 2677 1437 2729 nos
1460 2678 1481 2727 a
1506 2654 1607 2727 vobis
1625 2653 1815 2745 justissime
1837 2653 1962 2745 petitur

554 2776 784 2848 favorabiliter
800 2778 1040 2873 eompleretnr.
1058 2779 1102 2851 Ut
1119 2788 1233 2851 tamen
1247 2778 1344 2873 quod
1370 2778 1483 2851 officio
1508 2776 1710 2850 sacerdotali
1733 2775 1878 2848 debetur
1897 2776 1961 2846 im-

554 2900 692 2993 perialis
707 2900 775 2972 sibi
803 2901 969 2996 precipiat
990 2902 1176 2994 celsitudo,
1196 2924 1279 2977 ecee
1295 2901 1391 2997 quod
1412 2902 1458 2975 ad
1480 2901 1631 2997 capitula
1652 2902 1788 2993 singula
1812 2920 1960 2995 quorum

483 3090 495 3103 .
556 3034 708 3127 tenorem
723 3025 778 3097 vel
797 3026 962 3098 memorie
987 3036 1101 3099 vestre
1120 3026 1268 3100 fidelitas
1284 3027 1341 3099 vel
1360 3035 1575 3121 regestorum
1597 3034 1787 3097 vestrorum
1810 3034 1962 3097 reservat

556 3147 771 3239 archivium,
798 3150 992 3243 paternitati
1023 3130 1137 3222 vestre
1161 3150 1378 3245 presentibus
1404 3148 1642 3245 respondetur.
1673 3149 1716 3219 lit
1741 3149 1787 3221 ad
1812 3147 1898 3221 illud
1923 3148 1961 3219 in

557 3271 677 3367 primis
697 3270 793 3366 quud
815 3272 861 3346 de
887 3275 1041 3348 eeclesiis
1066 3274 1163 3369 regui
1187 3274 1296 3347 nostri
1313 3274 1428 3347 Sicilie
1449 3294 1510 3369 per
1532 3274 1704 3345 ministros
1727 3280 1861 3345 nostros
1882 3293 1962 3369 spu-

556 3398 646 3469 liatis
664 3396 872 3491 privilegiis,
892 3400 1166 3494 possessionibus
1182 3410 1218 3472 et
1236 3400 1337 3473 bonis
1360 3399 1467 3473 sacris
1490 3398 1614 3471 usibus
1640 3397 1814 3493 deputatis
1838 3418 1879 3469 ac
1904 3398 1963 3492 ip-

557 3542 673 3593 sarum
688 3520 861 3616 lapidibus
878 3521 925 3595 ad
946 3522 1183 3616 Agauenorum
1205 3523 1386 3619 gymnasia
1407 3520 1635 3597 construenda
1651 3520 1822 3593 translatis
1839 3542 1962 3617 propo-

558 3647 664 3738 nitur,
682 3668 815 3719 necnou
831 3646 926 3719 etde
948 3646 1086 3743 prelatis
1102 3649 1256 3744 ipsarum
1273 3658 1307 3721 et
1324 3646 1470 3721 subditis
1485 3648 1629 3721 exulare
1643 3646 1768 3719 coactis
1784 3656 1819 3718 et
1836 3647 1962 3719 carceri

557 3773 777 3868 mancipatis,
803 3781 838 3844 et
865 3772 973 3845 verbo
1001 3773 1102 3845 vobis
1127 3774 1273 3847 libenter
1301 3773 1587 3869 responderemus
1608 3760 1656 3845 ad
1683 3780 1802 3844 votum
1825 3781 1860 3843 st
1881 3792 1963 3843 exe·

557 3917 744 3991 queremur
762 3896 926 3969 libentius
951 3897 1042 3970 lacto
1067 3919 1289 3993 responsum,
1313 3898 1343 3970 si
1368 3896 1455 3993 quid
1480 3897 1589 3969 estin
1612 3892 1790 3968 indefinita
1813 3894 1963 3990 proposi-

559 4022 651 4092 tione
668 4020 880 4115 propositum
895 4020 930 4091 in
949 4022 1146 4117 particulari
1164 4022 1285 4095 luisset
1299 4020 1552 4119 specificatione
1568 4019 1770 4110 deductum,
1790 4028 1850 4091 aut
1866 4018 1963 4113 quod

557 4153 610 4217 est
626 4144 773 4216 obscure
788 4142 996 4239 descriptum
1014 4146 1050 4216 in
1064 4166 1201 4239 genere,
1212 4146 1332 4218 luisset
1342 4156 1460 4242 aperte
1475 4166 1536 4241 per
1549 4142 1733 4217 individua
1745 4141 1957 4215 denotatum.

557 4266 627 4340 Sed
641 4277 681 4341 ut
695 4266 873 4343 indefinita
885 4280 1000 4343 vestre
1016 4271 1258 4367 propositionis
1272 4270 1453 4343 affirmatio
1471 4292 1533 4365 per
1544 4268 1741 4363 negativam
1759 4266 1961 4339 contrariam

557 4392 755 4487 perimatur,
783 4394 898 4466 nullas
922 4395 1063 4467 omnino
1091 4394 1219 4467 scimus
1245 4396 1407 4469 ecclesias
1434 4394 1490 4467 vel
1523 4414 1687 4489 personas
1718 4390 1962 4463 ecclesiasticas

558 4516 656 4607 regui
680 4515 827 4611 predicti
850 4538 920 4610 que
941 4517 976 4587 in
1001 4516 1166 4590 libertatis
1188 4518 1377 4613 privilegiis
1396 4518 1454 4590 vel
1476 4517 1512 4587 in
1529 4516 1629 4587 bonis
1644 4531 1665 4587 a
1681 4514 1861 4586 nobis'aut
1885 4532 1963 4584 nos-

558 4639 621 4710 tris
647 4640 877 4735 prejudicium
912 4641 1107 4738 patiantur,
1137 4642 1202 4716 uisi
1228 4642 1521 4716 conservationem
1547 4640 1678 4733 iminm
1703 4647 1765 4711 aut
1795 4637 1963 4710 bonorum

559 4775 751 4836 nostrorum
766 4786 834 4859 que
851 4766 956 4839 nostri
970 4767 1070 4839 nobis
1085 4766 1255 4861 reliquere
1272 4767 1417 4861 priores,
1426 4786 1490 4839 vos
1504 4762 1734 4859 prejudicium
1748 4760 1887 4835 forsitan
1901 4779 1963 4853 per

557 4886 847 4982 improprietatem
869 4890 1028 4965 vocabuli
1046 4891 1230 4965 vocaretis.
1252 4891 1353 4977 Quod
1379 4890 1473 4962 onim
1495 4888 1541 4963 ad
1565 4886 1719 4961 seculare
1737 4882 1906 4976 judicium
1929 4889 1964 4953 et
