4859 6359
508 685 607 748 nim.
622 683 669 764 u]
962 683 1159 746 ursronru
1183 681 1477 746 nrrnousrrco.

560 1242 766 1328 Celebrutis
788 1245 918 1354 itaque
941 1245 1084 1356 nuptiis
1109 1244 1172 1329 die
1197 1245 1410 1356 praedicte,
1434 1257 1630 1357 assumpto
1656 1247 1813 1332 dominu
1835 1251 1915 1332 inr-

1992 1247 2061 1303 [suto

1971 1303 2086 1358 munte!

507 1376 690 1484 peratrice
733 1388 973 1462 accesserunt
1014 1379 1285 1490 Hagenowium
1321 1377 1398 1490 (1).
1436 1383 1568 1462 dunat.
1614 1388 1815 1490 Wormut.,
1849 1410 1911 1492 up.
2022 1431 2024 1436 ·

507 1507 697 1617 Βοιιιιιιι,
715 1517 865 1620 Fontes,
885 1520 914 1594 t.
934 1509 984 1620 ll,
1003 1539 1044 1621 p.
1067 1513 1159 1596 165.

731 1825 757 1836 φ.
764 1825 774 1833 ο
781 1823 1282 1836 ...nummo—.-
1289 1809 1657 1834 mmo—...lan-
1665 1825 1681 1834 .-

559 2089 764 2203 Grcgorius
797 2119 898 2202 popu
932 2091 1170 2202 principibus
1211 2091 1459 2175 Alemanniue
1495 2093 1653 2174 mandat
1688 2101 1750 2200 ut,
1791 2119 1914 2204 quum

508 2225 707 2308 concordia
730 2224 927 2307 christiani
953 2225 1085 2335 populi
1113 2226 1163 2308 sit
1189 2227 1341 2338 negotio
1368 2227 1506 2310 Terrae
1532 2227 1693 2309 Suuctue
1719 2227 1910 2336 perutilis,

509 2357 772 2466 imperatorem
799 2358 850 2441 ud
876 2359 950 2442 hoc
971 2357 1156 2442 inducant
1173 2361 1276 2469 quod
1296 2360 1399 2470 ipse,
1420 2359 1591 2469 deposito
1609 2359 1714 2442 omni
1737 2359 1778 2440 in
1796 2359 1916 2444 Lum-

509 2489 644 2576 burdos
660 2518 839 2602 rancore,
859 2492 1057 2603 negotium
1080 2493 1267 2578 societatis
1291 2493 1542 2580 Loruburdiue
1572 2493 1613 2575 in
1636 2493 1813 2577 munibus
1832 2493 1913 2578 Ec-

509 2623 640 2709 clesiae
669 2626 838 2735 praecise
858 2627 998 2708 iterum
1024 2652 1165 2735 ponere
1186 2653 1265 2708 non
1292 2625 1455 2708 omittet.

585 2839 688 2914 (Edtd.
707 2841 822 2916 sz,
842 2841 975 2904 Nonou.
992 2839 1087 2902 Geron
1103 2840 1229 2915 Hister„
1243 2845 1268 2902 t.
1286 2839 1340 2915 Ν,
1356 2857 1388 2919 p.
1412 2849 1563 2916 ιιι-313,
1583 2857 1622 2902 ex
1643 2846 1751 2920 regest.
1775 2840 1912 2921 Gregor„

622 2963 700 3010 unno
712 2949 771 3024 lx,
785 2958 820 3008 n·
836 2949 920 3028 roo.)

553 3133 755 3228 Gregorius,
774 3147 861 3226 etc,
876 3135 1145 3232 archiepiscopis
1159 3135 1369 3232 etepiecopis
1381 3155 1422 3208 uc
1435 3135 1741 3210 eliisecclesiarum
1758 3137 1911 3232 prelatis,

508 3256 679 3330 nobilibus
694 3259 781 3332 viris
796 3259 958 3353 ducibus,
971 3258 1242 3346 marchionibus,
1253 3257 1436 3331 comitibus
1449 3267 1485 3332 et
1497 3259 1686 3333 baronibus
1696 3260 1733 3332 in
1745 3260 1912 3356 imperiali

508 3380 600 3454 curio
624 3383 818 3456 constitutis
835 3383 905 3481 (2),
935 3391 1003 3457 etc.
1022 3383 1157 3456 Puritus
1175 3381 1258 3456 fidei
1284 3393 1319 3456 et
1344 3381 1536 3457 devotionis
1551 3383 1719 3457 immense
1737 3385 1914 3458 sinceritas

506 3504 632 3600 quibus
646 3506 737 3579 circa
749 3505 980 3582 reverentiam
995 3509 1114 3580 metris
1123 3507 1275 3582 Ecclesie
1288 3529 1349 3602 pre
1357 3507 1433 3580 utiis
1445 3505 1606 3582 fidelibus
1621 3507 1766 3582 studetis
1776 3517 1916 3582 auctore

505 3630 649 3703 Domino
665 3632 854 3728 refulgere,
880 3633 983 3708 nobis
1005 3632 1145 3732 plenam
1168 3629 1332 3708 fiduciam
1358 3631 1505 3706 offerunt
1522 3631 1618 3728 quod
1635 3633 1672 3706 in
1690 3633 1757 3704 hiis
1779 3654 1848 3728 que
1862 3655 1916 3706 se-

507 3753 658 3829 cundum
668 3757 780 3830 Deum
800 3758 974 3855 cupimus,
992 3778 1058 3876 γοα
1071 3765 1291 3856 promptoset
1304 3757 1421 3830 faciles
1432 3757 1638 3832 hubeumus.
1655 3758 1743 3830 Hinc
1755 3757 1915 3854 estquod

502 3898 582 3951 cum
596 3889 735 3977 tempus
752 3882 933 3957 advenerit
948 3883 1198 3980 prorogationis
1214 3882 1365 3978 spatium
1381 3903 1449 3956 non
1475 3881 1678 3972 admittens,
1708 3883 1744 3954 in
1767 3904 1838 3976 quo
1854 3904 1913 3956 re·

507 3999 693 4099 demptioni
702 4007 812 4100 patric
829 4029 937 4102 quum
950 4006 1060 4078 Putris
1076 4006 1185 4078 eterni
1200 4007 1311 4106 'Filius
1326 4028 1391 4079 suo
1409 4007 1563 4080 noscitur
1580 4007 1728 4102 pretioso
1744 4007 1913 4101 sunguine

504 4144 740 4220 consecrasse,
765 4130 1086 4204 efficuxconsilium
1110 4127 1262 4202 finaleet
1280 4127 1450 4204 auxilium
1468 4129 1592 4204 debeat
1615 4130 1806 4226 provideri,
1833 4131 1913 4202 uni-

1385 4313 1573 4322 unu-——oe
1594 4313 1673 4322 -—-

541 4402 576 4478 (t)
593 4405 713 4466 nnnc
726 4408 936 4482 Argentinenses
947 4409 1083 4486 pleniores
1095 4427 1140 4486 sp.
1152 4411 1299 4482 Βοιιιιιιιι,
1314 4409 1420 4479 Fontes,
1433 4415 1454 4468 t.
1468 4410 1515 4482 111,
1530 4427 1559 4484 p.
1574 4413 1635 4482 tot,
1650 4409 1796 4484 rempaulo
1807 4409 1913 4466 diverse

502 4499 646 4660 m
656 4525 679 4658 ‚s
692 4505 781 4578 Quum
799 4509 878 4581 (soit
896 4508 1109 4585 imperatricem)
1121 4516 1185 4582 post
1202 4510 1312 4584 nuptias
1328 4509 1402 4566 misit
1420 4509 1590 4581 fingendus,
1608 4513 1716 4564 etcum
1733 4507 1793 4580 ipsu
1815 4505 1915 4563 ibidem

542 4695 578 4771 (²)
592 4699 678 4758 Erunt
688 4702 762 4760 eninr
773 4704 809 4762 ud
820 4705 874 4764 boc
883 4705 1035 4765 dutinutoe
1046 4704 1151 4766 littores
1164 4709 1195 4762 ut
1207 4703 1362 4778 tud-imperii
1375 4703 1511 4778 principes
1521 4703 1700 4778 pervenirent,
1711 4703 1777 4762 dum
1789 4701 1877 4762 terent
1889 4702 1918 4760 in

503 4789 659 4868 mrim
668 4801 745 4860 unis
755 4804 919 4877 congregati.

1977 2098 2077 2212 tud
