4859 6359
378 781 479 846 Inter.
491 781 539 860 9.]
830 778 1027 842 HISTORIA
1051 776 1345 844 olanorlorlcs
1731 783 1793 846 789

376 923 495 990 comes
512 914 682 1008 Saxonis,
706 912 903 988 bernardus
925 913 1002 988 dux
1025 912 1218 1005 Corinthio,
1239 914 1319 988 Otto
1342 911 1420 988 dux
1443 914 1589 990 &varie
1613 918 1787 1014 palatinus

379 1058 497 1114 eomes
520 1037 652 1130 Rheni,
674 1034 838 1110 Albertns
863 1035 939 1110 dux
964 1037 1137 1129 saxonie,
1164 1038 1381 1110 Hermannus
1405 1038 1559 1112 marchio
1581 1039 1627 1114 de
1648 1041 1787 1133 Badeo,

381 1159 572 1236 Gotttridus
589 1171 624 1235 et
641 1159 819 1234 Comedus
838 1157 884 1234 de
905 1159 1104 1234 llohenlooh
1125 1161 1268 1235 comites
1281 1161 1498 1253 Romaniole,
1521 1161 1726 1237 Gebhardns
1746 1163 1792 1240 de

380 1283 565 1358 Amestein
582 1284 649 1380 (a),
666 1292 702 1358 et
719 1283 777 1356 alii
795 1284 1031 1380 quamplures.

428 1408 576 1502 Signum
592 1407 724 1481 domini
743 1406 907 1482 Friderici
924 1409 974 1498 ll,
992 1407 1055 1480 Dei
1072 1408 1183 1502 gratia
1203 1407 1418 1482 invictissimi
1434 1407 1667 1482 Romanorum
1685 1410 1794 1506 impe-

380 1531 505 1606 ratoris
518 1551 656 1626 semper
671 1531 828 1624 angrrsti,
844 1531 1033 1604 Jerusalem
1046 1537 1081 1602 et
1093 1529 1210 1604 Sicilie
1224 1530 1326 1625 regis.

428 1653 504 1750 Ego
527 1651 677 1726 Silridns
704 1653 962 1750 Ratisponensis
990 1652 1195 1750 episcopus,
1223 1653 1410 1750 imperialis
1439 1653 1519 1729 aule
1547 1655 1789 1748 cancellarius,

381 1777 461 1850 vice
486 1777 618 1852 domini
640 1777 914 1872 blegnntinensis
929 1775 1181 1873 archiepiscopi
1205 1777 1386 1851 Germanis
1413 1777 1723 1870 archicancellarii,
1738 1799 1794 1852 re-

382 1921 545 1995 cognovi.

430 2023 518 2098 Acta
537 2033 619 2097 sunt
640 2024 705 2097 bec
727 2043 819 2096 anno
840 2021 1013 2097 dominice
1039 2023 1285 2098 incarnationis
1300 2025 1347 2097 ll.
1365 2023 1428 2098 CC.
1440 2025 1581 2118 XXXV,
1597 2046 1717 2099 mense
1736 2045 1794 2098 oc·

383 2146 507 2238 tobris,
530 2168 623 2220 none
646 2145 866 2236 indictionis,
885 2146 1075 2242 imperante
1099 2146 1240 2220 domino
1260 2156 1376 2220 nostro
1396 2146 1587 2239 Friderico,
1604 2147 1666 2221 Ilei
1684 2149 1794 2243 gratia

383 2269 609 2344 invictissimo
639 2271 871 2344 Romanorum
898 2271 1101 2366 imperatore
1126 2291 1262 2366 semper
1284 2279 1449 2364 augusto,
1466 2271 1654 2345 Jerusalem
1678 2281 1712 2345 et
1735 2272 1796 2345 Si-

384 2394 462 2466 cilie
473 2415 570 2487 rege,
588 2415 680 2468 anno
699 2394 835 2491 imperii
858 2397 934 2488 ejus
951 2394 1041 2484 XVI,
1061 2393 1159 2488 regni
1180 2394 1368 2467 Ierusalem
1387 2394 1439 2486 X,
1462 2395 1562 2486 regni
1578 2415 1662 2469 vcro
1679 2394 1795 2468 Sicilie

384 2517 525 2588 XXXVI
538 2515 599 2613 (b),
617 2517 773 2590 feliciter.
786 2517 913 2592 Amen.

429 2639 554 2713 Datum
572 2640 667 2736 apud
682 2638 889 2738 Angustam,
910 2663 1014 2736 anno,
1034 2663 1153 2716 mense
1168 2651 1201 2714 et
1218 2641 1405 2714 indictione
1419 2641 1637 2736 pretitulatis.

434 3206 665 3314 Fridericus‚
683 3207 946 3293 Romanorum
972 3210 1194 3318 Imperator,¹
1213 3209 1525 3294 ministerialibus
1539 3210 1640 3294 inira
1665 3212 1794 3296 comi-

383 3347 508 3422 tatum
524 3337 748 3422 stadensem
770 3341 984 3423 constitutis
1002 3350 1039 3423 et
1065 3341 1116 3424 ad
1133 3341 1348 3424 dominium
1374 3341 1423 3424 de
1448 3340 1671 3428 Brunswick
1697 3343 1794 3426 atti-
1860 3307 1965 3356 m

383 3471 562 3555 uentibus
583 3471 742 3554 mandat
769 3479 812 3554 ut
838 3473 927 3556 duci
958 3473 1089 3558 Ottoni
1115 3474 1163 3557 de
1190 3472 1397 3584 Luneburg
1423 3483 1609 3584 tanquam
1638 3476 1796 3562 domino

383 3630 453 3690 suo
469 3603 665 3711 obediant,
683 3603 757 3714 ipsi
774 3605 966 3691 fidelitatis
985 3606 1247 3717 juramentum
1265 3607 1498 3691 exhibentes.

464 3819 559 3899 (Edit.
573 3837 620 3900 an
634 3821 843 3899 nnuman,
858 3817 1048 3881 Braunrclro.
1070 3816 1197 3893 emonii,
1212 3837 1243 3896 p.
1259 3827 1330 3880 476.
1342 3851 1383 3863 —
1393 3818 1524 3892 Sfflnm,
1548 3819 1661 3905 Octobr
1686 3822 1795 3907 ducis„

501 3933 525 3989 t.
540 3927 596 4002 lv,
610 3945 643 4007 p.
659 3935 728 3990 ror.
738 3958 780 3974 -
793 3927 922 4001 Purus,
939 3925 1014 3989 tlte
1025 3927 1150 3988 Bremen
1161 3922 1226 3986 und
1243 3923 1363 4001 Vcrdeo,
1378 3931 1403 3987 t.
1417 3925 1472 4001 VI,
1487 3943 1516 4006 p.
1537 3927 1620 4007 lto.)

428 4110 638 4201 Fridericns,
658 4113 721 4186 Dei
741 4113 857 4208 gracia
883 4114 1114 4187 Romanorum
1138 4112 1324 4208 imperator
1341 4133 1477 4208 semper
1492 4123 1676 4208 angustus,
1696 4119 1794 4191 Jeru-

381 4235 488 4308 salem
502 4244 537 4308 et
554 4237 669 4311 Sicilie
683 4258 760 4329 rex,
779 4237 951 4310 universis
970 4235 1254 4309 ministerialibus
1270 4236 1357 4308 inira
1376 4236 1576 4309 comitatum
1593 4238 1795 4314 Stadcnsem

382 4355 578 4429 constitutis
595 4353 692 4430 etad
710 4355 904 4430 dominium
924 4356 970 4431 de
995 4355 1184 4429 Brunesvio
1200 4355 1426 4428 attinentibus
1442 4353 1604 4428 fidelibus
1621 4357 1695 4429 suis
1714 4381 1795 4454 gra·

340 4535 342 4538 .
383 4477 465 4550 tiam
485 4499 585 4552 suam
603 4487 639 4553 et
654 4500 758 4554 omne
779 4479 925 4554 bonum.
945 4479 1126 4554 Credimus
1141 4477 1189 4552 ad
1205 4487 1357 4552 vestram
1369 4477 1583 4553 audientiam
1598 4483 1797 4577 perrenIsse

382 4600 531 4696 qualiter
550 4601 596 4677 de
618 4603 761 4678 consilio
783 4604 980 4701 principum
1007 4603 1230 4695 dilectorum,
1255 4601 1297 4674 0.
1328 4600 1374 4675 de
1400 4602 1607 4677 Lunebnrch
1632 4603 1795 4679 dilectum

422 4777 463 4856 (a)
482 4779 518 4840 ln
530 4778 605 4842 libro
618 4781 681 4843 ord
698 4781 846 4844 Tbenton.
864 4782 969 4862 coplall
979 4778 1014 4842 de
1025 4779 1234 4854 Hronrmteio,
1246 4781 1346 4840 mlnns
1356 4783 1445 4840 recte.

425 4881 468 4964 (b)
488 4885 525 4945 In
537 4883 612 4948 llbro
624 4887 730 4966 coplall
744 4887 885 4950 trirerr'mo
896 4888 1036 4968 septim·
1047 4893 1125 4950 recle
1138 4892 1239 4948 tamen
1247 4885 1416 4950 XXXVIII.
