4859 6359
372 748 470 808 lmrcr.
486 745 534 824 8.]
819 735 1014 802 HISTORIA
1037 740 1329 807 llll’lollallca
1715 747 1775 809 697

372 885 486 956 lomus
504 880 578 956 fieri
595 879 814 954 manifestum
831 876 928 972 quod
952 876 1084 950 nobiles
1102 877 1170 951 viri
1193 878 1354 955 Albertus
1370 891 1406 954 et
1426 881 1632 956 Bartholdus
1656 883 1777 956 iratres

374 1007 417 1079 de
433 1006 560 1097 Alvelt,
581 1003 700 1078 fideles
717 1002 838 1094 nostri,
855 1003 929 1076 zelo
946 997 1140 1078 deuotionis
1159 1006 1312 1098 accensi,
1333 1015 1483 1080 montem
1504 1007 1566 1104 qui
1587 1007 1776 1100 vulgariter

374 1127 747 1221 diciturBeltlnersberg
762 1147 842 1199 cum
850 1123 925 1199 suis
937 1126 1156 1222 pertinenciis
1173 1129 1210 1200 in
1227 1127 1352 1202 nostris
1364 1131 1524 1204 manibus
1535 1131 1773 1225 resignarunt,

374 1253 462 1326 sicut
475 1275 518 1326 ea
530 1251 646 1325 omnia
657 1251 694 1322 in
706 1271 826 1322 eorum
840 1249 1000 1322 manibus
1013 1250 1203 1344 resignarat
1218 1252 1394 1327 Corradus
1406 1255 1567 1327 Schuelin
1577 1253 1622 1328 de
1634 1253 1777 1349 Byerin·

375 1399 440 1472 gen
456 1377 519 1472 qni
534 1377 627 1449 bona
642 1374 765 1448 eadem
781 1373 817 1444 in
835 1372 941 1445 leudo
956 1383 1114 1447 tenuerat
1125 1376 1171 1446 ab
1186 1377 1331 1468 eisdem,
1349 1387 1383 1449 et
1400 1378 1465 1472 ipsi
1484 1400 1506 1450 a
1522 1377 1623 1450 nobis
1638 1376 1778 1448 nomine

376 1501 468 1573 leudi
483 1501 662 1589 tenebant,
682 1507 721 1570 nt
736 1519 778 1569 ea
794 1497 937 1569 ecclesie
952 1495 997 1569 de
1009 1497 1215 1570 Sclronental
1229 1499 1468 1595 cysterciensis
1480 1499 1612 1572 ordinis
1621 1499 1778 1572 tradere-

375 1649 463 1698 mus.
483 1625 671 1717 Nosigitnr
683 1622 749 1718 piis
766 1619 947 1694 desideriis
962 1622 1161 1695 eorumdem
1177 1637 1313 1716 gratum
1333 1623 1564 1719 impertientes
1582 1645 1775 1714 assensum,

376 1750 584 1822 oontnlimus
594 1759 629 1820 et
640 1745 847 1821 tradidimus
858 1745 934 1840 ipsa
948 1745 1040 1818 bona
1055 1747 1188 1842 pictatis
1202 1747 1328 1819 iutuitu
1342 1747 1455 1820 eidem
1469 1747 1613 1822 ecclesie
1625 1747 1660 1818 in
1673 1749 1779 1840 juset

377 1872 637 1967 proprietatem,
654 1879 693 1942 ut
708 1890 751 1942 ea
768 1868 875 1941 libere
885 1877 921 1940 et
939 1867 1095 1942 absolute
1120 1891 1201 1941 cnm
1229 1870 1323 1942 omni
1339 1891 1478 1965 prorsus
1490 1871 1569 1961 jure
1585 1869 1776 1965 possideat,

378 1995 465 2066 sicut
478 1995 653 2089 predictos
663 1991 841 2066 Conradus
856 2011 899 2064 ea
913 1989 1104 2064 dinoscitur
1116 1990 1322 2086 possedisse.
1338 1993 1558 2066 Subobtentn
1575 2013 1658 2088 crgo
1672 1993 1780 2086 gratie

378 2128 492 2190 nostre
510 2117 705 2190 inhibemus
720 2138 765 2189 ne
778 2115 849 2188 ulla
864 2133 1010 2210 persona
1026 2115 1094 2188 alta
1111 2116 1168 2187 vel
1185 2116 1344 2206 humilis,
1364 2118 1593 2190 ecclesiastica
1605 2119 1660 2190 vel
1679 2138 1779 2190 secu·

379 2241 629 2336 larispersoua,
648 2238 837 2334 predictam
852 2237 1033 2310 ecclesiam
1044 2237 1081 2308 in
1093 2237 1224 2311 eisdem
1238 2239 1338 2312 bonis
1355 2240 1473 2332 aliquo
1486 2239 1589 2313 modo
1601 2242 1781 2313 molestare

380 2374 563 2458 presumat.
586 2362 719 2457 Siquis
736 2358 1176 2458 autemhocatte[m]ptare
1196 2363 1459 2458 presumpserit,
1478 2373 1617 2436 centum
1649 2385 1782 2438 marcas

380 2489 454 2560 anri
466 2495 664 2585 componet,
678 2507 825 2582 quarum
835 2484 1002 2558 medietas
1015 2485 1115 2558 cedet
1126 2483 1227 2576 mco,
1244 2487 1378 2580 reliqna
1393 2508 1476 2560 vero
1493 2487 1660 2560 medietas
1674 2489 1784 2584 passis

382 2614 540 2707 injuriam
555 2612 780 2708 persolvetur.
801 2609 846 2683 Ut
860 2609 965 2704 igitur
978 2609 1044 2682 hec
1056 2609 1198 2682 donatio
1209 2619 1245 2684 et
1258 2610 1368 2703 gratia
1381 2611 1468 2684 lacta
1485 2633 1547 2705 per
1562 2633 1627 2685 nos
1641 2611 1784 2684 ecclesie

383 2736 554 2832 sepedicto
569 2735 721 2810 debitam
732 2743 767 2808 et
779 2742 978 2829 perpetuam
993 2733 1147 2806 obtineat
1164 2731 1360 2806 firmitatem
1380 2741 1415 2806 et
1435 2732 1581 2806 dubium
1598 2756 1702 2830 snper
1726 2735 1784 2806 illa

383 2871 530 2956 nequeat
545 2861 582 2932 in
597 2869 772 2955 posterum
783 2857 949 2949 suboriri,
967 2865 1160 2952 presentem
1176 2859 1339 2952 paginam
1348 2856 1430 2930 inde
1439 2858 1608 2930 conscribi
1624 2867 1659 2931 et
1673 2857 1787 2952 sigillo

383 2995 495 3058 nostro
510 2985 654 3056 lecimus
668 2981 886 3056 communiri.

428 3109 547 3180 Testes
560 3107 665 3199 hujus
680 3105 731 3178 rei
752 3113 834 3178 sunt
852 3130 861 3175 ε
880 3103 1097 3178 Burmannus
1110 3102 1366 3198 Herbipolensis
1383 3107 1584 3203 episcopus,
1612 3105 1790 3180 Conradus

385 3232 491 3304 abbas
505 3233 621 3304 Sancti
636 3229 741 3321 Galli,
757 3228 920 3323 magister
930 3227 1202 3322 Thegenhardns
1210 3227 1396 3324 imperialis
1404 3231 1484 3304 aule
1499 3229 1789 3326 prothonotarius,

385 3357 518 3450 lringns
533 3353 732 3428 scolasticus
746 3353 783 3424 in
796 3353 934 3445 Honge,
954 3353 1121 3447 Repertus
1136 3373 1252 3426 comes
1271 3351 1315 3426 do
1336 3353 1496 3443 Castello,
1513 3355 1734 3428 Eberhardus
1746 3353 1792 3428 de

386 3477 687 3572 Hertingesberge,
715 3476 896 3550 Heinricus
919 3475 965 3548 de
980 3475 1207 3570 liabensburg
1229 3477 1453 3570 camerarius,
1473 3478 1636 3552 liudolfus
1652 3477 1697 3552 de
1713 3480 1791 3552 Vo-

388 3602 571 3697 nemberg,
586 3601 765 3698 Lupoldus
779 3599 1013 3692 Putticlarius‚
1031 3599 1212 3673 Heinricus
1232 3599 1278 3674 de
1293 3599 1517 3697 Gyselingen,
1543 3611 1577 3676 el
1591 3602 1650 3674 alii
1663 3624 1793 3698 quarn-

386 3726 512 3820 plures.

434 3849 523 3922 Acta
539 3856 621 3919 sunt
634 3846 701 3920 hec
716 3846 753 3918 in
768 3867 893 3942 campo
912 3845 1008 3941 apud
1023 3846 1262 3942 Ballemburg,
1288 3870 1380 3923 anno
1395 3847 1568 3923 dominice
1587 3849 1792 3924 incarnatio·

388 3972 443 4046 nis
459 3969 643 4044 millesimo
658 3969 896 4044 ducentesimo
911 3969 1081 4042 XXXllll.

435 4097 563 4168 Datum
578 4092 675 4190 apud
689 4093 922 4190 Herbipolim,
941 4092 1004 4166 xv
1017 4091 1184 4167 kalendas
1201 4096 1411 4186 decembris,
1432 4095 1619 4170 indictione
1634 4097 1732 4170 Vlll·.

1445 4407 1571 4420 -d

440 4689 649 4799 llenrious,
673 4695 933 4782 Romanorum
960 4727 1045 4806 rex,
1070 4702 1234 4811 clerum,
1265 4704 1444 4812 barones,
1472 4701 1734 4786 ministeriales
1761 4717 1800 4788 et
1827 4725 2004 4824 unffi„

398 4821 493 4906 cives
522 4824 812 4936 Herbipolenses
838 4831 879 4912 in
907 4834 1178 4941 protectionem
1209 4835 1408 4944 specialem
1435 4837 1640 4946 recipiam,
1669 4849 1707 4919 et
1732 4837 1800 4920 de-

474 4957 526 5019 lv.
547 4973 604 5019 rm
616 4979 637 5022 a
1600 4979 1638 5031 88
