4859 6359
427 787 525 851 lutus.
541 784 587 865 6.]
881 783 1081 851 HISTORIA
1105 780 1398 849 uluuottuutctt
1781 784 1843 851 615

1410 1082 1606 1096 ,φυῇ-

479 1358 688 1469 llenricus,
726 1361 989 1447 Romanorum
1024 1387 1114 1466 rex,
1146 1359 1313 1472 capitulo
1350 1359 1581 1447 Goslariensi
1607 1363 1844 1449 advocatiam

426 1491 466 1573 in
484 1490 584 1601 Egla
612 1504 651 1577 et
676 1494 774 1579 duas
802 1494 897 1578 alias
924 1494 1139 1579 advocatias
1170 1522 1268 1605 quas
1294 1521 1319 1577 a
1344 1495 1481 1578 comite
1507 1494 1712 1580 Ascbariae
1740 1497 1843 1581 idem

426 1625 639 1735 capitulum
661 1626 843 1737 redemit,
861 1628 980 1711 donat
1000 1652 1090 1711 cum
1112 1627 1220 1711 omni
1233 1626 1321 1737 jure
1338 1637 1377 1711 et
1393 1626 1524 1711 banno
1545 1639 1726 1738 perpetuo
1747 1656 1844 1741 pos-

427 1756 620 1843 sidendas.

502 1982 605 2067 (mro.
623 1984 1112 2069 trem,1aaqnc.1³oetrt‚
1124 1987 1276 2067 appendix
1288 1987 1343 2065 tv,
1357 1971 1390 2067 p.
1404 1972 1477 2066 neu,
1491 1998 1525 2051 n·
1537 1986 1634 2068 XVI.)

473 2184 514 2259 ln
532 2186 676 2261 nomine
699 2195 817 2261 sancto
843 2196 879 2262 et
899 2186 1084 2263 individue
1107 2188 1296 2261 Trinitatis.
1323 2187 1448 2263 Ameu.
1467 2188 1648 2263 lleinricus
1661 2190 1841 2285 septimus,

430 2306 552 2385 divina
567 2312 708 2385 favente
721 2308 904 2385 clementia
919 2312 1152 2386 Romanorum
1169 2334 1235 2387 rex
1248 2322 1284 2387 et
1305 2334 1442 2409 semper
1458 2322 1645 2407 augustus,
1671 2313 1845 2389 universis

424 2434 697 2530 inperpetuum.
718 2434 795 2509 Non
813 2434 926 2510 solum
951 2434 1058 2529 utilis,
1079 2436 1143 2511 sed
1157 2437 1352 2511 necessaria
1375 2445 1428 2513 est
1449 2436 1701 2513 autenticarum
1726 2436 1841 2511 cautio

424 2542 672 2655 scripturarum
681 2613 692 2653 ‚
709 2582 778 2655 que
791 2570 968 2655 gestorum
982 2560 1107 2634 seriem
1122 2558 1271 2635 fideliter
1285 2570 1468 2635 conservat
1485 2570 1520 2635 et
1536 2560 1704 2635 veraciter
1715 2583 1842 2658 repre-

426 2692 555 2777 sentat,
576 2684 774 2779 iniquarum
792 2685 961 2759 mentium
977 2684 1075 2759 dolos
1087 2685 1272 2759 eliminans
1285 2692 1322 2759 et
1337 2685 1525 2759 oblivionis
1536 2684 1758 2781 dispendium
1769 2706 1840 2760 non

424 2806 624 2882 admittens.
640 2807 698 2882 Ad
711 2808 870 2883 notitiam
884 2808 1082 2904 itaquetam
1096 2807 1341 2883 modernorum
1353 2831 1461 2904 quum
1473 2812 1668 2882 futurorum
1679 2810 1843 2883 volumus

425 2931 610 3027 pervenire
623 2932 721 3027 qnod
736 2954 800 3007 nos
817 2932 863 3007 do
887 2932 1007 3005 innata
1024 2932 1125 3005 nobis
1142 2932 1239 3025 regia
1262 2934 1465 3007 liberalitate
1486 2932 1659 3005 licentiam
1678 2932 1842 3007 dedimus

425 3056 575 3151 capitulo
592 3056 800 3131 Goslariensi
823 3065 863 3129 ut
885 3056 1034 3131 redimat
1056 3055 1274 3130 advocatiam
1292 3058 1329 3129 in
1345 3056 1433 3150 Egla
1451 3065 1485 3130 at
1502 3054 1591 3129 duas
1609 3056 1694 3129 alias
1709 3056 1841 3152 quibus

425 3200 539 3254 mures
562 3179 729 3255 Ancharia
756 3180 898 3257 anobis
918 3190 953 3255 et
977 3180 1122 3275 imperio
1141 3178 1563 3269 dinosciturinleudatue,
1594 3189 1630 3253 et
1655 3202 1736 3253 cnm
1765 3182 1841 3277 ipse

425 3313 493 3379 tres
523 3304 706 3381 advocatie
736 3308 794 3381 vel
827 3308 944 3405 aliqua
968 3306 1122 3405 ipsarum
1145 3307 1190 3381 ab
1218 3306 1295 3403 ipso
1318 3305 1471 3381 redemta
1496 3307 1623 3380 luerint
1651 3316 1687 3379 et
1711 3307 1840 3391 solute,

425 3428 565 3503 easdem
584 3429 795 3505 donavimus
811 3432 1002 3507 cumomni
1016 3434 1096 3526 jure
1119 3440 1155 3505 et
1168 3432 1286 3505 banno
1302 3440 1338 3505 et
1357 3431 1575 3505 libertatibus
1594 3432 1739 3505 ecclesie
1753 3453 1842 3529 pre-

423 3552 527 3627 libato
550 3562 720 3653 perpetuo
744 3556 913 3631 tenendae
933 3564 968 3631 et
988 3552 1235 3652 possidendas,
1265 3556 1360 3652 ipsas
1382 3555 1474 3629 dicto
1497 3556 1647 3652 capitulo
1668 3555 1713 3630 de
1726 3567 1842 3629 nostra

425 3676 662 3753 munificentia
687 3679 941 3755 confirmantes.
968 3678 1174 3754 blandamus
1196 3680 1305 3774 igitur
1327 3681 1394 3753 sub
1426 3680 1704 3753 interminatione
1730 3680 1840 3777 gratie

424 3811 540 3877 nostra
552 3802 748 3881 firmissime
766 3806 995 3903 precipientes
1010 3826 1055 3878 ne
1072 3804 1152 3899 quie
1170 3804 1302 3879 dictum
1320 3805 1509 3901 capitulum
1528 3804 1564 3875 in
1582 3803 1759 3900 premissis
1776 3803 1840 3878 ad·

425 3926 569 3999 uocatiis
586 3928 755 4025 impediat
767 3928 825 4004 uel
843 3930 993 4003 infestet.
1012 3928 1080 4015 Qui
1094 3949 1178 4003 vero
1192 3950 1298 4025 super
1310 3929 1378 4003 hoc
1395 3928 1528 4021 lecerit,
1551 3928 1617 4001 XX
1639 3927 1746 4001 libras
1764 3928 1841 4001 auri

423 4050 615 4146 persolvat,
635 4074 784 4149 quarum
802 4052 1022 4127 medietatem
1036 4050 1118 4126 fisco
1137 4062 1253 4126 nostro
1271 4062 1307 4126 et
1324 4054 1466 4129 alteram
1483 4060 1615 4149 partem
1632 4052 1764 4149 prelata
1779 4074 1841 4127 eo-

424 4173 530 4249 olesie
547 4176 711 4281 uolumus
729 4177 907 4275 applicari.

473 4300 592 4373 Testes
617 4310 698 4375 sunt
721 4300 797 4375 bii:
819 4300 968 4376 Siiridus
989 4300 1213 4397 bloguntinus
1233 4311 1268 4375 et
1292 4301 1525 4376 Tbeodoricus
1551 4301 1761 4375 Trevirensis
1778 4323 1842 4374 ar-

426 4420 656 4522 chiepiscopi,
675 4426 717 4499 H.
740 4426 997 4521 llnrbipolensis
1012 4426 1214 4524 episeopus,
1246 4477 1256 4499 .
1288 4480 1297 4498 .
1328 4480 1337 4498 .
1364 4425 1546 4498 Fuldensie
1563 4433 1598 4499 et
1618 4425 1733 4497 Sancti
1757 4423 1842 4497 Galli

427 4721 592 4783 merrus
606 4724 775 4801 privilegium
792 4727 875 4787 llsllis
892 4728 984 4787 datum
997 4727 1092 4786 luisse.
1111 4726 1188 4786 Unde
1206 4726 1328 4801 sequitur
1346 4730 1378 4783 ut
1399 4726 1470 4783 idern
1487 4726 1516 4783 in
1534 4726 1604 4785 serie
1620 4726 1843 4787 documentorum

427 4820 528 4880 maneb
538 4822 606 4897 junii
626 4824 791 4899 mamus,
805 4827 871 4885 ‹bnn
888 4826 964 4886 loeus
983 4826 1083 4901 optimo
1104 4824 1192 4883 itineri
1210 4825 1282 4899 regis
1294 4824 1329 4882 ab
1341 4823 1481 4899 limlingen
1495 4825 1531 4883 ad
1547 4833 1638 4900 partes
1651 4827 1846 4901 Norimbergun

432 4920 597 4980 mantis
609 4924 760 4983 conueniat.
774 4922 814 4983 (ll.
829 4924 1039 4984 Uncinreibburc
1048 4922 1159 4997 stote,
1170 4938 1216 4999 up.
1228 4924 1376 4997 Bonum
1385 4922 1495 4998 illidere,
1505 4940 1534 4999 p.
1544 4924 1704 4985 LXXXVII.
