4859 6359
519 781 614 840 buter.
632 777 676 852 R]
966 771 1163 833 HISTORIA
1189 771 1480 833 elaborantes
1868 769 1927 830 755

519 913 632 986 Sicilie
649 931 726 984 rex.
747 906 921 980 Gloriosus
942 906 979 978 in
1006 907 1185 998 majestate
1208 929 1274 980 sua
1290 905 1541 980 dominantium
1555 906 1723 980 Dominus
1738 905 1801 1000 qui
1817 925 1924 996 regna

520 1034 694 1110 constituit
710 1039 747 1106 et
761 1029 912 1104 firmavit
926 1030 1125 1124 imperium,
1146 1029 1191 1104 de
1206 1032 1306 1123 cujus
1322 1031 1504 1129 clementia
1514 1030 1685 1116 vivimus,
1705 1029 1751 1103 de
1761 1031 1861 1122 cujus
1872 1037 1924 1100 est

520 1179 660 1232 munere
690 1153 788 1251 quod
819 1153 961 1226 feliciter
988 1153 1216 1248 imperamus,
1251 1152 1299 1226 ad
1324 1153 1393 1225 hoc
1415 1175 1479 1226 nos
1510 1175 1615 1247 supra
1634 1173 1733 1245 reges
1758 1161 1792 1224 et
1816 1173 1924 1244 regna

520 1281 694 1378 preposuit
709 1290 744 1353 et
759 1280 796 1352 in
818 1277 986 1374 imperiali
1008 1278 1094 1351 solio
1109 1277 1310 1350 sublimavit
1329 1285 1369 1348 ut
1385 1276 1486 1350 nobis
1510 1276 1628 1348 lactcri
1645 1283 1760 1347 nostro
1776 1276 1923 1364 gratitu-

521 1405 599 1478 dine
615 1405 741 1479 devota
756 1403 935 1496 subjectis,
953 1423 1074 1498 pacem
1092 1414 1125 1474 et
1137 1403 1306 1495 justitiam
1331 1401 1567 1474 moderamina
1587 1411 1701 1472 nostra
1714 1399 1923 1490 contineant,

523 1529 629 1621 etqui
651 1550 772 1599 sumus
789 1547 850 1622 pre
875 1523 955 1598 filiis
970 1499 1149 1598 hominnm
1164 1527 1210 1596 ab
1229 1546 1270 1597 ec
1283 1528 1343 1618 qui
1359 1525 1528 1619 preminet
1542 1524 1618 1597 orbi
1639 1533 1727 1595 terre
1744 1522 1926 1594 sublimius

521 1650 676 1738 exaltati,
696 1651 790 1721 viros
805 1647 930 1741 dignos
942 1646 1133 1720 honoribus
1150 1657 1184 1720 et
1195 1669 1265 1720 non
1281 1647 1468 1719 immeritos
1483 1644 1529 1718 ad
1540 1645 1780 1718 sollicitudinis
1794 1655 1926 1740 partem

523 1773 672 1860 admitti,
694 1772 880 1844 liberaliter
897 1771 944 1842 ad
962 1771 1118 1844 decusat
1134 1769 1293 1843 decorem
1310 1771 1444 1864 imperii
1458 1769 1606 1842 nominis
1620 1779 1654 1840 et
1672 1769 1808 1840 honoris
1826 1769 1926 1840 titulo

524 1895 734 1986 decoremus.
760 1895 847 1966 ilinc
871 1903 924 1966 est
950 1895 1055 1987 igitur
1080 1893 1176 1988 quod
1198 1916 1261 1989 per
1282 1916 1424 1990 presens
1448 1894 1612 1987 scriptum
1636 1894 1770 1964 nouerit
1785 1915 1926 1986 presens

522 2027 590 2092 etas
604 2027 638 2090 et
651 2019 767 2090 lutura
785 2018 969 2113 posteritas
985 1995 1100 2112 cuod,
1117 2039 1197 2088 cum
1216 2016 1278 2090 diu
1296 2017 1461 2112 propositi
1479 2017 1587 2090 nostri
1606 2018 1692 2089 iorct
1707 2027 1746 2088 ut
1763 2015 1926 2088 dilectum

524 2140 814 2236 consanguineum
830 2150 986 2214 nostrum
1002 2141 1161 2214 Ottonem
1178 2141 1223 2214 de
1240 2142 1446 2214 Lnneburcb
1469 2141 1515 2214 ad
1532 2138 1635 2212 iidem
1653 2140 1788 2235 imperii
1806 2151 1841 2213 et
1860 2140 1928 2214 de-

527 2267 696 2340 votionem
728 2273 880 2338 nostram
904 2265 1119 2340 efficeremus
1139 2267 1247 2338 artius
1272 2265 1478 2359 obligatum,
1503 2285 1568 2337 nec
1593 2264 1660 2336 loci
1687 2266 1745 2338 uel
1769 2266 1930 2360 temporis

524 2389 732 2484 oportunitas
749 2388 904 2462 affuisset
918 2410 988 2484 quo
1006 2397 1206 2484 conceptam
1229 2411 1313 2482 erga
1337 2411 1418 2462 eum
1436 2389 1662 2462 intentionem
1682 2398 1833 2462 nostram
1849 2410 1929 2485 pro·

526 2513 618 2607 sequi
631 2535 695 2588 nos
707 2514 862 2604 deceret;
884 2513 1103 2608 contingente
1117 2513 1338 2588 causaucstri
1354 2512 1931 2588 felicisadventusinalamannium

524 2647 555 2710 et
581 2659 644 2732 pro
680 2638 922 2712 reformatione
955 2637 1065 2710 tocius
1091 2647 1181 2712 terre
1207 2647 1316 2712 status
1337 2637 1465 2711 indicta
1491 2638 1670 2732 Magantia
1699 2639 1796 2712 curia
1823 2660 1930 2734 gene·

525 2762 601 2852 rali,
620 2763 734 2836 dictus
747 2763 824 2836 Otto
837 2761 885 2836 ad
909 2760 1068 2836 eamdem
1089 2763 1221 2835 curiam
1242 2771 1385 2836 vocatus
1401 2763 1562 2854 accessit,
1588 2763 1626 2834 in
1650 2786 1720 2857 qua
1740 2765 1825 2838 dnm
1843 2764 1929 2837 assi·

527 2886 683 2960 dentibus
699 2887 800 2958 nobis
817 2887 1035 2982 principibus
1045 2897 1158 2960 nostra
1170 2887 1340 2960 serenitas
1357 2886 1538 2978 resideret,
1556 2885 1602 2960 de
1613 2887 1830 2964 reformando
1841 2899 1930 2962 terre

525 3019 610 3084 statu
625 3010 826 3106 disponens,
845 3011 1042 3084 nominatus
1056 3013 1134 3084 Otto
1142 3011 1187 3086 de
1201 3011 1408 3084 Lnneburcb
1418 3011 1518 3082 llexis
1526 3011 1675 3105 genibus
1689 3032 1802 3084 coram
1814 3013 1927 3103 nobis,

523 3134 612 3205 omni
628 3133 710 3207 odio
727 3144 761 3208 et
775 3155 920 3208 rancore
934 3135 1215 3230 postpositisque
1231 3137 1319 3210 inter
1336 3157 1484 3232 proavos
1500 3145 1635 3208 nostros
1650 3136 1798 3210 existere
1808 3150 1929 3232 potue·

525 3268 618 3350 runt,
649 3279 687 3332 se
710 3268 819 3332 totum
837 3259 1051 3332 inmanibus
1070 3259 1196 3334 nostris
1215 3261 1379 3356 exposuit
1398 3260 1523 3332 nostris
1545 3270 1636 3334 stare
1660 3260 1883 3356 beneplacitis
1896 3271 1933 3334 et

526 3381 706 3474 mandatis,
724 3392 759 3455 et
776 3383 919 3478 insuper
936 3383 1113 3478 proprium
1137 3393 1288 3457 castrum
1312 3406 1415 3456 suum
1433 3385 1640 3458 Lnneburcb
1654 3385 1751 3479 quod
1767 3385 1931 3460 idiomate

525 3506 707 3580 teuttcnico
717 3507 987 3603 vocaturllygen
1003 3528 1083 3580 cum
1092 3507 1209 3580 multis
1216 3507 1294 3580 aliis
1304 3508 1438 3596 castris,
1455 3508 1554 3580 terris
1562 3508 1802 3582 ethominibus
1815 3509 1929 3583 eidem

524 3639 631 3702 castro
649 3630 899 3723 pcrtinentibus
916 3630 952 3701 in
971 3640 1121 3704 nostram
1135 3632 1376 3728 proprietatem
1394 3642 1429 3704 et
1444 3631 1637 3705 dominium
1655 3633 1850 3729 specialiter
1863 3657 1927 3708 as-

524 3752 681 3846 signavit,
697 3761 735 3824 ut
748 3753 793 3826 de
807 3775 849 3827 eo
864 3755 1034 3850 quicquid
1044 3756 1143 3831 nobis
1152 3759 1302 3851 placeret
1317 3765 1482 3851 tanquam
1495 3756 1540 3831 de
1551 3767 1667 3830 nostro
1679 3760 1819 3854 proprio
1830 3761 1927 3835 iacc-

523 3898 646 3950 rcmus.
672 3879 742 3950 Nos
758 3889 874 3952 autem
894 3880 955 3973 qni
974 3888 1133 3954 tenemur
1156 3879 1272 3952 modis
1291 3882 1452 3954 omnibus
1476 3883 1660 3978 imperium
1682 3894 1921 3977 augmentare,

522 4001 709 4094 predictum
736 4011 886 4074 castrum
912 4001 957 4076 de
978 4004 1184 4078 Lnneburcb
1209 4027 1290 4078 cum
1311 4006 1472 4079 omnibus
1492 4008 1628 4096 castris,
1656 4008 1872 4103 pertinentiis
1890 4021 1925 4083 et

522 4123 714 4198 hominibus
732 4125 818 4218 suis,
835 4126 1128 4222 quemadmodum
1148 4150 1194 4201 cn
1215 4128 1372 4222 ejusdem
1390 4129 1522 4202 Ottouis
1540 4131 1771 4223 assignatione
1790 4135 1826 4204 in
1843 4155 1923 4229 pro·

520 4249 693 4341 prietatem
709 4250 920 4346 accepimus,
936 4251 972 4322 in
989 4248 1158 4346 presentia
1172 4251 1367 4348 principum
1383 4252 1420 4322 in
1438 4252 1620 4348 imperium
1640 4255 1874 4328 transtulimus
1887 4267 1921 4330 et

522 4375 749 4447 concessimus
779 4383 817 4445 ut
836 4396 895 4469 per
917 4376 1100 4468 imperium
1128 4374 1296 4448 infeodari
1319 4375 1471 4448 deberet.
1500 4377 1677 4450 Civitatem
1708 4379 1850 4476 insuper
1877 4381 1924 4454 de

522 4495 735 4588 answich,
752 4500 853 4592 cujus
870 4498 1088 4573 medietatem
1102 4499 1319 4596 proprietatis
1333 4498 1475 4572 dominii
1491 4521 1514 4570 a
1529 4501 1726 4574 marchione
1743 4501 1790 4576 de
1804 4503 1920 4577 Baden

522 4628 551 4690 et
578 4621 749 4717 reliquam
778 4622 1047 4696 medictatema
1081 4621 1172 4695 duce
1199 4622 1359 4696 Bawarie
1383 4622 1517 4696 dilectis
1549 4623 1765 4718 principibus
1795 4628 1920 4700 nostris

521 4743 663 4814 emimus
677 4767 739 4840 pro
758 4755 852 4840 parte
870 4769 1019 4820 uxorum
1043 4768 1266 4842 suarumque
1282 4748 1418 4820 luerunt
1434 4747 1611 4840 quondam
1630 4745 1699 4820 filie
1717 4750 1855 4824 Henrici
1874 4753 1919 4827 dc

521 4861 721 4940 brunswich
739 4869 873 4950 comitis
891 4872 1030 4965 palatini
1042 4871 1149 4962 Rani,
1170 4871 1283 4966 patrui
1303 4871 1386 4946 dicti
1400 4871 1549 4962 Ottcnis,
1574 4871 1730 4946 similiter
1746 4874 1783 4946 in
1796 4876 1917 4949 eadem
