4859 6359
430 798 612 877 lunser.10.]
877 795 1075 858 HISTORIA
1099 794 1393 859 otruousrlcs.
1780 796 1841 859 925

430 930 593 1031 uellam,
613 928 795 1011 existente
817 927 961 1010 ibidem
981 928 1092 1011 Petro
1114 926 1282 1035 Teupolo
1299 952 1369 1035 pro
1387 934 1582 1035 potestate.
1603 925 1652 1009 Et
1668 926 1839 1011 Peduani

430 1061 618 1145 miseruut
638 1061 823 1143 ducentos
844 1060 990 1168 equites
1007 1058 1234 1165 Terrisium,
1258 1070 1297 1141 et
1316 1060 1538 1169 imperator,
1561 1059 1720 1143 dimisso
1741 1060 1840 1143 Eze-

430 1194 511 1277 lino
528 1192 753 1301 Visentium,
774 1192 842 1275 ivit
859 1193 909 1273 ad
927 1192 1088 1297 Plutum,
1111 1192 1249 1274 deiude
1269 1193 1319 1274 ad
1337 1192 1593 1303 aquilegiam,
1613 1220 1681 1303 per
1696 1194 1837 1279 Forum

430 1326 516 1409 Iulii
535 1336 573 1408 et
588 1326 840 1408 Carentanam
857 1336 896 1407 et
913 1324 1133 1407 festinanter
1150 1325 1190 1407 in
1208 1324 1488 1409 alemanniam.
1512 1326 1681 1410 Coronis.
1703 1336 1833 1410 Potor.

430 1485 493 1566 ep.
514 1458 723 1563 Musarum,
740 1455 860 1564 Antip.
883 1460 990 1560 tut,
1009 1467 1039 1539 t.
1059 1458 1125 1564 IV,
1143 1485 1183 1567 p.
1206 1461 1322 1540 1155.
1353 1458 1411 1541 Gl.
1442 1460 1640 1542 Romnum.
1667 1486 1728 1568 ap.
1755 1461 1839 1545 Mu-

430 1615 579 1695 mrem,
595 1589 802 1699 scriptor„
821 1599 851 1671 t.
863 1588 965 1697 VIII,
984 1617 1024 1698 p.
1045 1592 1139 1672 208.
1150 1591 1421 1700 -lmperator
1438 1592 1565 1674 statim
1583 1594 1623 1674 in
1646 1593 1836 1675 Aleman-

430 1720 537 1803 niem
566 1746 763 1831 regressus
789 1729 866 1827 est,
894 1720 1034 1803 relictis
1059 1722 1100 1803 in
1128 1722 1295 1807 Marchia
1322 1722 1556 1829 [Trevisana]
1582 1750 1652 1833 pro
1677 1727 1838 1837 negotiis

430 1852 579 1963 imperii
600 1853 874 1961 pertractandis
899 1853 1041 1962 comite
1064 1854 1257 1938 Geresrdo
1283 1856 1331 1937 de
1359 1856 1524 1940 Saxonis
1545 1866 1584 1939 et
1604 1858 1741 1941 comite
1769 1860 1837 1942 Si-

431 2011 546 2071 mone
563 1986 759 2069 Thermo.
780 1988 950 2069 Mosoct.
966 1990 1060 2068 rad.
1083 1987 1271 2085 chronio,
1294 1988 1448 2085 Ibidem,
1469 2016 1508 2098 p.
1531 1990 1623 2073 675.

484 2579 690 2690 Gregorius
716 2607 816 2691 pape
834 2581 1080 2692 Aquilegensi
1097 2593 1136 2665 et
1163 2583 1347 2665 Gradensi
1366 2584 1610 2691 patriarchis,
1630 2584 1838 2672 Ravennati
1868 2591 2046 2688 „lma

431 2719 470 2793 et
516 2712 695 2797 lennensi
740 2714 1029 2823 archiepiscopis
1073 2740 1282 2823 eorumque
1327 2714 1575 2825 suffraganeis
1620 2720 1839 2829 episcopum

434 2842 648 2927 Ostiensem
684 2856 723 2928 et
757 2846 918 2929 Sanctae
953 2846 1117 2930 Sabinae
1151 2846 1414 2957 presbyterum
1454 2848 1688 2933 cardinalem
1723 2879 1838 2937 oom-

432 2977 608 3086 mendst,
631 2978 772 3087 quibus
789 2979 830 3060 in
852 2979 1100 3087 Lombardia,
1124 2978 1292 3064 Marchie
1314 2978 1526 3087 Terrisina,
1555 2980 1780 3069 Romauiola
1802 3001 1839 3072 et

431 3110 604 3217 partibus
630 3110 873 3195 Venetisrum
893 3112 1093 3222 legationis
1115 3110 1283 3195 officium
1314 3110 1522 3219 commisit,
1556 3122 1600 3195 ut
1625 3114 1678 3198 ibi
1706 3144 1839 3227 paoem

432 3241 639 3326 reformare
657 3256 861 3352 procurent
879 3247 894 3351 (
923 3244 954 3355 ).

515 3456 664 3535 (meo.
677 3475 727 3536 ep.
741 3459 916 3532 Rursum,
929 3455 1038 3520 Amul
1059 3454 1165 3532 ecles„
1184 3458 1225 3520 ed
1240 3474 1311 3520 eun.
1330 3466 1422 3533 rste,
1445 3457 1462 3539 5
1476 3460 1562 3539 xm,
1577 3477 1615 3521 ex
1635 3470 1742 3542 regest.
1758 3466 1837 3528 Gre-

551 3581 616 3643 gor.
631 3565 687 3639 IX,
699 3581 771 3626 ann.
787 3565 827 3642 X,
840 3575 873 3625 n⁰
887 3574 958 3627 m.
978 3565 1098 3627 Adsunt
1116 3571 1217 3627 eueni
1238 3566 1368 3644 integrae
1386 3565 1501 3627 lItteree
1519 3582 1568 3644 ep.
1583 3568 1697 3631 collect.
1713 3572 1838 3649 Leports

551 3670 594 3731 du
606 3671 691 3732 Theil
702 3673 735 3732 ln
746 3670 886 3733 Biblioth.
899 3673 1004 3749 smper.
1019 3670 1201 3749 remens.)

482 3858 608 3928 Datum
624 3858 829 3947 luseramus,
850 3858 895 3929 lll
912 3855 1075 3930 calendas
1091 3856 1297 3947 decembris,
1318 3857 1535 3952 pontificatus
1551 3881 1643 3933 anno
1658 3862 1701 3934 X.

486 4447 718 4554 Iridericus,
752 4450 1013 4535 Romanorum
1043 4449 1269 4557 imperator,
1297 4457 1524 4531 conventum
1557 4448 1685 4532 Sancti
1714 4450 1838 4533 Lem-
1916 4482 1991 4579 3335

1881 4566 2033 4633 retamim.

471 4711 507 4786 (t)
524 4712 600 4769 flauo
611 4712 712 4770 nullum
730 4714 765 4770 ad
777 4718 884 4788 tempus
899 4712 1024 4769 ellectum
1035 4711 1119 4769 husee
1134 4710 1259 4769 sortitam
1271 4711 1430 4784 legationem
1442 4711 1589 4785 credimus,
1601 4726 1684 4785 quum
1695 4714 1839 4788 Imperator

434 4815 528 4868 oouua
542 4812 662 4869 omnium
675 4812 826 4885 opinionem
838 4817 982 4887 properato
993 4826 1075 4869 eursu
1092 4811 1120 4868 in
1133 4809 1317 4870 Alemanniam
1332 4810 1500 4869 remeaverit.
1515 4810 1583 4868 Item
1595 4826 1660 4869 roro
1674 4811 1746 4869 eirca
1757 4811 1837 4872 finem

435 4907 499 4964 maii
511 4910 581 4969 ⁴237
590 4915 756 4984 resumptam
768 4909 837 4969 iuna
848 4909 1008 4971 ridebimus.
