4859 6359
437 770 535 834 lentot.
552 769 595 847 'l.]
885 763 1084 826 tltsroltln
1108 764 1401 830 oratonnrlcn.
1787 765 1850 830 65¹1

437 916 551 978 torum
569 913 764 976 nostrorum
782 902 950 974 sincerius
966 900 1171 996 diligamns,
1194 913 1232 975 et
1246 904 1388 974 fratrum
1410 902 1447 974 in
1469 923 1511 974 eo
1535 905 1607 975 Deo
1629 903 1846 975 militantium

437 1029 668 1102 intendamus
683 1025 865 1100 commodo
884 1035 920 1100 et
944 1026 1079 1099 honori.
1107 1027 1184 1112 Qna
1213 1028 1258 1100 de
1282 1049 1320 1100 re
1348 1027 1483 1100 noverit
1509 1027 1712 1100 universitas
1734 1035 1849 1099 vestra

437 1153 532 1250 quod
550 1173 616 1226 nos
628 1152 676 1226 ad
693 1152 892 1224 instantiam
905 1160 940 1223 et
952 1151 1154 1246 petitionem
1170 1150 1286 1224 dilecti
1304 1151 1418 1224 fidelis
1434 1151 1540 1224 nostri
1560 1151 1692 1224 Alberli
1713 1151 1847 1224 abbatis

439 1276 684 1372 dedmspuro,
700 1275 814 1348 eidem
829 1275 973 1348 ecclesie
986 1276 1087 1346 talem
1106 1275 1251 1348 fecimus
1267 1275 1412 1370 gratiam
1426 1283 1461 1348 et
1479 1273 1640 1346 dedimus
1657 1275 1847 1348 libertatem

437 1410 477 1472 ut
491 1399 537 1472 ds
556 1399 719 1473 omnibns
735 1399 837 1472 bonis
851 1397 1010 1491 ejusdem
1026 1399 1171 1472 ecclesie
1188 1399 1225 1470 in
1242 1421 1463 1494 quocumque
1479 1407 1595 1471 nostro
1613 1398 1743 1494 oppidu
1761 1419 1847 1472 oon-

437 1524 564 1597 stitntis
587 1524 718 1594 nnllam
735 1543 877 1617 prorsus
893 1523 1082 1617 precariam
1103 1545 1165 1596 seu
1187 1525 1349 1596 steiuram
1371 1532 1433 1596 aut
1456 1523 1672 1594 exactionem
1697 1523 1849 1616 aliquam

438 1647 656 1742 requiramus
672 1647 730 1719 vel
746 1646 874 1740 requiri
893 1657 955 1720 ant
971 1648 1080 1742 accipi
1104 1649 1355 1743 permittamus,
1375 1647 1438 1721 sed
1454 1647 1616 1720 volumus
1636 1655 1674 1718 ut
1690 1647 1735 1718 ab
1757 1647 1851 1720 omni

439 1771 660 1845 exactionum
689 1791 816 1865 genere
842 1770 911 1842 sint
935 1769 1035 1844 liberi
1061 1771 1200 1866 penitus
1224 1782 1260 1844 et
1284 1773 1467 1844 immunes.
1496 1769 1699 1844 Mandantes
1726 1781 1760 1844 et
1783 1770 1850 1844 snb

439 1896 718 1969 interminatione
738 1895 848 1985 gratie
872 1904 988 1969 nostre
1012 1896 1243 1991 precipientes
1259 1906 1297 1968 ut
1317 1897 1412 1968 nulle
1433 1917 1588 1989 unquam
1619 1916 1763 1990 persona
1780 1895 1848 1968 hu·

438 2023 530 2094 milis
547 2022 605 2094 vel
621 2023 689 2095 alta
705 2022 795 2094 hanc
812 2031 963 2094 nostram
980 2022 1171 2096 libertatem
1193 2023 1367 2118 sepedicta
1385 2023 1531 2096 ecclesie
1548 2023 1705 2096 collatam
1722 2023 1851 2094 infrin-

443 2169 524 2239 gere
538 2147 683 2238 audent,
704 2167 725 2218 a
752 2167 859 2240 quam
874 2168 896 2218 a
913 2145 1013 2218 bonis
1031 2147 1108 2239 ejus
1124 2147 1315 2242 precariam
1335 2147 1523 2242 exigendo.
1540 2147 1642 2232 Quod
1659 2147 1720 2240 qui
1739 2148 1851 2220 lacere

440 2271 699 2366 presumpserit,
724 2271 810 2342 iram
836 2281 988 2344 nostram
1010 2270 1247 2364 gravissimam
1273 2273 1395 2346 sentiet
1410 2281 1445 2344 et
1466 2272 1645 2344 offensam.
1665 2267 1720 2344 Ad
1748 2269 1853 2364 hujus

442 2396 558 2489 itaque
582 2395 662 2468 lacti
680 2394 786 2467 nostri
804 2395 1015 2488 perhennem
1043 2395 1262 2488 memoriam,
1284 2418 1426 2494 presens
1443 2395 1664 2491 privilegium
1685 2395 1853 2468 conscribi

442 2529 475 2591 et
490 2519 604 2614 sigillo
619 2527 735 2590 nostro
748 2519 918 2610 jussimus
933 2519 1104 2613 insigniri.

490 2644 608 2715 Testes
625 2642 675 2712 hii
694 2651 776 2714 sunt
794 2669 803 2712 ε
824 2643 972 2715 Silridus
986 2643 1209 2737 lllagnntinns
1228 2642 1519 2739 archiepiscopus,
1537 2645 1752 2716 Hermannus
1772 2643 1855 2714 Her·

441 2765 631 2860 bipolensis
650 2767 852 2861 episcopus,
869 2765 1051 2838 Cunradus
1068 2767 1177 2839 abbas
1196 2768 1311 2838 Sancti
1335 2767 1441 2858 Galli,
1464 2766 1727 2860 Deigenhardus
1749 2767 1857 2862 impe-

442 2889 536 2963 n'alis
559 2891 638 2963 aule
660 2889 939 2986 prothonotarius
962 2901 997 2963 et
1018 2891 1213 2987 prepositus
1233 2892 1349 2964 Sancti
1370 2891 1508 2964 loannis
1535 2890 1570 2960 in
1597 2891 1738 2984 Houge,
1760 2889 1857 2962 Wer·

443 3037 549 3087 nerus
566 3015 760 3111 prepositus
777 3013 822 3087 de
837 3011 1048 3099 Gichebnro;
1064 3017 1158 3107 lalci,
1173 3037 1289 3088 comes
1300 3015 1479 3087 Heinricus
1491 3013 1535 3086 de
1547 3015 1672 3110 Seyne,
1688 3017 1858 3110 llupertns

443 3159 559 3211 comes
577 3137 624 3210 de
640 3139 795 3230 Kastele,
823 3139 1002 3212 Heinricus
1023 3138 1069 3212 de
1088 3139 1219 3236 Nipha,
1244 3139 1465 3212 Eberhardus
1488 3137 1533 3211 de
1556 3139 1751 3227 Eberstein,
1778 3139 1859 3210 Ger-

444 3265 541 3337 lacns
571 3263 617 3336 de
642 3265 835 3358 Butingen,
863 3265 1044 3336 Heinricns
1071 3265 1117 3337 de
1143 3267 1361 3359 Hagenowe,
1395 3263 1574 3358 Philippus
1601 3261 1646 3335 de
1672 3263 1854 3354 Bolandia,

444 3387 599 3460 Lutollus
618 3388 829 3482 burgravius
842 3387 888 3461 de
908 3387 1110 3476 Frideberc,
1128 3397 1162 3460 et
1179 3387 1237 3460 alii
1253 3387 1488 3483 quamplures.

492 3513 618 3584 Datum
631 3511 729 3608 apud
743 3512 958 3600 Wimebnrn,
975 3533 1068 3586 anno
1083 3513 1221 3584 Domini
1236 3512 1535 3600 dccxxxfflr,
1551 3521 1673 3608 quarto
1694 3511 1858 3586 kalendas

441 3635 549 3726 junii,
569 3633 756 3708 indictione
770 3635 842 3710 llll.

499 4253 612 4334 Anno
642 4251 893 4338 Mccxxxlv
918 4251 1079 4337 uerbum
1109 4251 1233 4335 crucis
1264 4249 1502 4362 praedicatur
1527 4261 1660 4334 contra
1691 4249 1853 4362 Stagin-

446 4409 517 4494 gos
540 4383 601 4494 (l)
629 4411 699 4495 per
727 4385 924 4470 inferiores
952 4396 1080 4496 partes
1110 4386 1343 4470 Theuloniae
1373 4395 1411 4468 el
1441 4384 1653 4468 Flnndriee.
1689 4385 1855 4470 Collecto

1237 4595 1470 4604 ο-ο--ι-υ-..κ

481 4702 517 4777 (t)
537 4704 684 4762 «Fuerunt
701 4711 790 4762 annm
805 4706 925 4781 Stadingi
945 4706 1038 4782 populi
1056 4708 1084 4764 in
1103 4705 1216 4764 confinio
1232 4707 1334 4764 Frisiae
1350 4713 1378 4764 et
1390 4706 1522 4765 saxoniae
1538 4707 1596 4778 siti,
1614 4707 1756 4780 paludibus
1772 4706 1852 4766 inviis

446 4807 476 4856 et
486 4800 645 4860 fluminibus
656 4803 848 4876 mcnmdncti,
863 4805 910 4878 qui
921 4820 972 4878 pro
983 4806 1041 4862 suis
1055 4805 1210 4863 erneoelbns
1223 4811 1251 4863 et
1259 4805 1484 4862 mandatoribus
1495 4805 1660 4863 decimanum
1671 4805 1764 4863 multis
1776 4807 1854 4863 annin

444 4901 677 4973 exeommunicati,
689 4907 887 4978 contemptores
901 4903 1016 4964 navim
1033 4903 1363 4964 madaurensem.
1380 4905 1431 4975 in
1444 4919 1506 4962 cnm
1520 4911 1612 4963 essent
1622 4905 1674 4963 riri
1685 4905 1797 4977 strenui,
1812 4904 1851 4964 vl·

522 4999 577 5062 IV.
597 5018 654 5062 Pera
665 5020 687 5062 2.
1658 5016 1695 5068 83
