4859 6359
579 777 641 838 812
1077 777 1290 841 rainbaldi
1314 775 1490 838 sscttrtul
1798 781 1878 860 [lisa.
1895 783 1985 846 1286,

581 892 720 985 lirmum
737 911 857 1007 prebet
872 911 1102 986 testimonium
1119 913 1255 988 veritati
1274 911 1320 986 ad
1337 911 1532 1007 opinionem
1548 893 1815 1005 distantia,‘non
1833 917 1982 1012 ignoras.

580 1037 667 1108 Nam
689 1057 770 1109 ecce
791 1035 827 1110 in
850 1057 957 1132 reguo
980 1037 1135 1133 predicto
1156 1059 1218 1135 per
1240 1036 1413 1108 ministros
1435 1035 1628 1132 imperiales
1651 1037 1781 1112 nudate
1803 1042 1986 1138 privilegio

580 1159 746 1234 libertatis
758 1161 901 1234 ecclesie
915 1161 1015 1234 bouis
1032 1161 1138 1235 sacris
1153 1161 1326 1258 deputatis
1338 1161 1460 1234 usibus
1472 1160 1723 1256 spoliatetlent,
1734 1163 1818 1258 quia
1831 1165 1985 1262 ipsarum

577 1293 734 1381 pastores
749 1285 851 1359 etiam
869 1293 903 1358 et
925 1286 1071 1359 ministri
1091 1297 1205 1384 patres
1221 1295 1256 1360 et
1273 1284 1333 1358 lilii
1359 1286 1503 1358 exulare
1519 1294 1701 1379 coguntur,
1724 1287 1853 1360 carceri
1877 1311 1985 1362 men-

577 1408 748 1502 cipsntur‚
767 1416 801 1481 et
816 1409 889 1482 loro
904 1409 1134 1483 ecclesiastico
1152 1409 1329 1500 derelicto,
1348 1409 1384 1480 iu
1399 1408 1560 1481 examine
1577 1407 1686 1481 vetito
1703 1409 1854 1484 actiones
1870 1415 1984 1486 susci·

575 1555 678 1628 pere,
697 1531 807 1606 tallias
826 1533 961 1606 solvere
979 1543 1012 1606 et
1036 1534 1127 1608 bona
1148 1534 1403 1630 compelluntur
1425 1531 1657 1606 ecclesiastica
1678 1541 1718 1604 ut
1732 1555 1770 1606 se
1786 1555 1808 1606 a
1826 1538 1982 1610 vexatio-

576 1657 678 1730 nibus
697 1655 889 1742 redimant,
907 1657 1112 1748 exhaurire;
1133 1667 1168 1732 et
1191 1659 1222 1731 si
1246 1657 1389 1753 quando
1414 1678 1474 1730 eas
1497 1655 1673 1750 contingat
1691 1659 1837 1752 pastoris
1862 1661 1982 1734 solatio

571 1779 728 1872 viduari,
748 1801 817 1853 nou
836 1781 1079 1875 permittuntur
1096 1783 1161 1854 sibi
1184 1803 1349 1878 sponsum
1371 1781 1498 1875 eligere
1521 1789 1557 1852 et
1573 1778 1754 1852 viduitatis
1778 1783 1981 1857 vestimenta

573 1906 765 2003 deponere,
786 1903 897 1978 donec
914 1905 1115 1981 adulterinis
1133 1907 1281 2000 alicujus
1303 1905 1523 2001 amplexibus
1542 1903 1603 1998 qui
1622 1925 1691 1976 nou
1712 1905 1898 1998 canonico,
1917 1907 1980 1980 sed

572 2051 635 2125 per
659 2029 918 2124 impressionem
941 2032 1071 2103 electus
1096 2039 1156 2104 aut
1179 2031 1264 2103 elias
1288 2031 1443 2102 intrusus
1465 2029 1586 2118 luerit,
1610 2029 1785 2102 extiterint
1807 2031 1976 2126 copulate.

570 2153 661 2226 Ecce
681 2152 729 2225 ibi
747 2151 913 2226 catholica
939 2152 1027 2228 fides
1052 2155 1160 2251 perit,
1190 2177 1236 2228 ex
1261 2175 1303 2228 eo
1324 2153 1454 2226 heresis
1471 2151 1557 2224 inibi
1579 2153 1743 2249 precipue
1766 2153 1860 2226 vires
1876 2155 1979 2228 sumit

570 2275 667 2371 quod
683 2276 720 2348 in
741 2277 903 2350 ecclesias
925 2287 959 2351 et
983 2299 1147 2372 personas
1171 2276 1421 2352 ecclesiasticas
1444 2275 1643 2350 officialium
1670 2279 1891 2373 oppressione
1915 2287 1979 2353 se-'

570 2399 700 2492 ciente,
727 2399 847 2473 eedem
875 2399 1117 2495 predicationis
1137 2423 1183 2475 ex
1200 2424 1270 2496 qna
1288 2401 1441 2474 maxime
1464 2401 1685 2473 confutantur
1700 2399 1841 2473 heretici
1864 2409 1899 2474 et
1915 2423 1978 2474 ca·

570 2524 686 2597 tbolici
706 2523 921 2616 roborantur,
942 2547 1104 2600 exercere
1121 2548 1189 2599 non
1206 2533 1352 2622 possunt
1365 2525 1535 2612 officium,
1553 2523 1638 2619 qnia
1653 2525 1848 2599 necessario
1865 2534 1977 2601 cetera

567 2671 648 2745 pars
666 2647 793 2722 edificii
813 2651 940 2723 corruit
958 2651 1058 2743 cujus
1079 2651 1273 2724 concutitur
1289 2649 1564 2724 laudamentum.
1587 2650 1678 2722 Ecce
1699 2649 1745 2723 ds
1766 2651 1869 2723 ruina
1890 2651 1976 2724 Hie·

564 2773 715 2847 rusalem
742 2773 928 2870 Babylonis
955 2775 1088 2865 menia,
1113 2776 1158 2849 de
1181 2797 1305 2848 acervo
1333 2774 1487 2871 lapidum
1509 2774 1590 2846 Sion
1607 2773 1846 2866 Agareuorom
1868 2797 1976 2869 gym-

566 2897 662 2970 nasia
683 2908 939 2991 construuntur,
961 2911 996 2972 st
1015 2897 1152 2974 edificia
1174 2899 1210 2971 in
1229 2899 1357 2995 quibus
1375 2897 1534 2970 divinum
1551 2919 1676 2970 nomen
1694 2898 1874 2988 excolitur,
1894 2899 1976 2970 illuc

566 3019 714 3114 migrare
740 3032 911 3116 coguntur
930 3023 990 3094 ubi
1009 3023 1183 3096 lllabomet
1200 3022 1356 3118 perditus
1377 3023 1549 3095 adoratur.
1567 3023 1763 3116 Superque
1783 3041 1826 3093 eo
1850 3020 1974 3094 mude-

565 3143 661 3216 lioris
676 3165 739 3218 nos
756 3145 884 3218 doloris
902 3146 1039 3240 gladius
1055 3147 1202 3243 percutit
1218 3167 1290 3240 quo
1308 3145 1429 3218 lortius
1452 3144 1681 3218 incircumcisi
1698 3143 1798 3238 quasi
1825 3145 1862 3215 iu
1878 3145 1975 3238 mgni

566 3267 683 3340 medio
708 3269 809 3364 positi
837 3270 951 3342 levius
980 3267 1082 3342 fldem
1110 3270 1314 3343 catholicam
1341 3291 1405 3342 sue
1431 3279 1575 3364 possunt
1602 3268 1813 3342 infidelitatis
1839 3289 1974 3342 veneno

566 3411 796 3486 corrumpere,
811 3415 881 3486 quo
900 3393 1028 3486 majora
1041 3392 1170 3467 exinde
1188 3395 1391 3488 contingunt
1406 3393 1557 3487 pericula
1573 3393 1670 3488 quod
1683 3393 1862 3466 christiani
1879 3413 1973 3465 com·

561 3515 751 3586 ‘miscentnr
780 3515 934 3605 eisdem;
963 3537 1174 3611 paganorum
1204 3517 1429 3590 contubernia
1459 3517 1506 3588 ab
1534 3515 1617 3588 ovili
1649 3514 1825 3590 dominico
1851 3536 1973 3610 greges

565 3637 719 3712 fidelium
734 3638 891 3733 abigunt,
905 3647 940 3713 et
954 3639 1077 3712 Hebrei
1092 3639 1138 3712 ab
1154 3641 1311 3736 Egyptiis
1328 3641 1378 3712 sic
1395 3639 1548 3735 oppressi
1565 3660 1685 3712 eorum
1701 3639 1801 3734 quasi
1819 3637 1973 3712 dominio

564 3763 806 3857 subjugantur.
826 3763 915 3836 Ecce
936 3763 972 3836 in
991 3763 1084 3838 dictu
1106 3785 1213 3858 reguo
1236 3775 1353 3838 eontra
1378 3767 1475 3861 pacis
1496 3763 1585 3838 inter
1602 3773 1636 3836 te
1657 3773 1691 3836 et
1707 3763 1895 3836 Ecclesiam
1913 3785 1973 3836 re·

563 3885 707 3958 formate
731 3884 868 3975 ludera,
885 3885 1029 3981 quidam
1052 3887 1185 3962 nobiles
1206 3888 1331 3984 privati
1355 3888 1476 3960 castris
1496 3897 1531 3961 et
1548 3887 1625 3960 aliis
1641 3887 1742 3960 bonis
1764 3886 1855 3977 suis,
1875 3907 1973 3958 uxo-

563 4005 662 4078 ribus
684 4017 719 4080 et
741 4008 858 4082 liberis
885 4010 1085 4105 captivatis,
1103 4011 1177 4083 loca
1204 4032 1269 4083 sua
1291 4011 1474 4108 proscripti
1497 4010 1707 4104 relinquere,
1733 4009 1909 4086 domicilia
1934 4009 1970 4080 in

564 4127 710 4202 aliorum
730 4131 912 4204 transferre
929 4132 1098 4206 coloniam
1114 4141 1149 4206 et
1166 4131 1212 4205 ad
1230 4143 1421 4206 extremam
1439 4143 1610 4228 coguntur
1624 4133 1776 4230 inopiam
1792 4131 1968 4206 devenire.

563 4255 606 4326 Et
624 4253 707 4327 dum
725 4253 845 4327 similis
867 4256 991 4352 premit
1013 4256 1151 4330 alllictio
1174 4277 1364 4354 pauperes,
1384 4255 1422 4329 id
1441 4265 1536 4330 tanto
1558 4257 1672 4352 magis
1693 4259 1765 4330 Deo
1790 4255 1973 4352 displicere

563 4387 726 4473 putamus
746 4387 876 4473 quanto
899 4380 1020 4454 lortius
1039 4381 1132 4476 ipsos
1152 4379 1326 4454 credimus
1349 4380 1562 4454 innocentes.
1584 4379 1679 4467 Quid
1696 4377 1814 4476 plural
1841 4379 1878 4450 in
1894 4399 1971 4451 om·

563 4501 666 4574 nibus
693 4503 748 4575 bis
771 4503 922 4577 Ecclesia
947 4513 1041 4580 tanto
1067 4505 1190 4599 majori
1215 4506 1343 4580 rubore
1367 4505 1584 4600 perfunditur
1605 4498 1739 4600 ¹quanto
1760 4502 1973 4600 probabilius

563 4625 738 4718 premissis
762 4624 937 4701 discordia
959 4649 1099 4701 causam
1118 4629 1203 4704 dare
1225 4629 1386 4726 preterita
1407 4628 1578 4716 creditor,
1598 4627 1682 4702 dum
1704 4627 1753 4700 illi
1772 4628 1835 4722 qui
1856 4625 1971 4699 adbe-

563 4757 682 4820 serunt
704 4749 856 4824 Ecclesie
885 4751 962 4848 plus
988 4753 1109 4827 ceteris
1137 4763 1255 4828 contra
1276 4753 1444 4848 justitiam
1466 4753 1718 4850 opprimuntur.
1743 4751 1880 4825 Utinam
1904 4747 1971 4822 bec

562 4872 716 4946 veritatis
744 4887 858 4948 essent
884 4875 1048 4951 destituto
1077 4877 1233 4952 subsidio
1259 4877 1468 4953 etmenden
1498 4877 1708 4966 inveniretur
1731 4873 1877 4972 quilibet
1903 4871 1971 4944 bec
