<?xml version="1.0" encoding="UTF-8"?>
<!DOCTYPE html PUBLIC "-//W3C//DTD XHTML 1.0 Transitional//EN"
    "http://www.w3.org/TR/xhtml1/DTD/xhtml1-transitional.dtd">
<html xmlns="http://www.w3.org/1999/xhtml" xml:lang="en" lang="en">
 <head>
  <title>
</title>
<meta http-equiv="Content-Type" content="text/html;charset=utf-8" />
  <meta name='ocr-system' content='tesseract 3.04.00' />
  <meta name='ocr-capabilities' content='ocr_page ocr_carea ocr_par ocr_line ocrx_word'/>
</head>
<body>
  <div class='ocr_page' id='page_1' title='image "./historiadiploma05fredgoog_0257.png"; bbox 0 0 4859 6359; ppageno 0'>
   <div class='ocr_carea' id='block_1_1' title="bbox 370 732 1791 814">
    <p class='ocr_par' dir='ltr' id='par_1_1' title="bbox 370 732 1791 814">
     <span class='ocr_line' id='line_1_1' title="bbox 370 732 1791 814; baseline -0.001 -16"><span class='ocrx_word' id='word_1_1' title='bbox 370 739 471 798; x_wconf 70' lang='lat' dir='ltr'>rm</span> <span class='ocrx_word' id='word_1_2' title='bbox 488 735 537 814; x_wconf 80' lang='lat' dir='ltr'>a]</span> <span class='ocrx_word' id='word_1_3' title='bbox 565 737 569 746; x_wconf 89' lang='lat'><em>·</em></span> <span class='ocrx_word' id='word_1_4' title='bbox 824 732 1022 798; x_wconf 83' lang='lat' dir='ltr'>ursronra</span> <span class='ocrx_word' id='word_1_5' title='bbox 1045 733 1340 800; x_wconf 83' lang='lat' dir='ltr'>nrrnorrarrcr.</span> <span class='ocrx_word' id='word_1_6' title='bbox 1727 732 1791 797; x_wconf 81' lang='lat' dir='ltr'>no</span> 
     </span>
    </p>
   </div>
   <div class='ocr_carea' id='block_1_2' title="bbox 370 864 1786 1108">
    <p class='ocr_par' dir='ltr' id='par_1_2' title="bbox 370 864 1786 1108">
     <span class='ocr_line' id='line_1_2' title="bbox 371 864 1786 980; baseline -0.002 -29"><span class='ocrx_word' id='word_1_7' title='bbox 371 866 578 980; x_wconf 83' lang='lat' dir='ltr'>magnifica</span> <span class='ocrx_word' id='word_1_8' title='bbox 594 891 758 950; x_wconf 87' lang='lat' dir='ltr'>munera</span> <span class='ocrx_word' id='word_1_9' title='bbox 776 865 905 950; x_wconf 87' lang='lat' dir='ltr'>Cesari</span> <span class='ocrx_word' id='word_1_10' title='bbox 923 866 1145 951; x_wconf 75' lang='lat' dir='ltr'>studerunt.</span> <span class='ocrx_word' id='word_1_11' title='bbox 1167 869 1328 954; x_wconf 80' lang='lat' dir='ltr'>Gonrrn</span> <span class='ocrx_word' id='word_1_12' title='bbox 1354 866 1489 951; x_wconf 83' lang='lat' dir='ltr'>Conon.</span> <span class='ocrx_word' id='word_1_13' title='bbox 1510 875 1573 976; x_wconf 86' lang='lat' dir='ltr'>ap.</span> <span class='ocrx_word' id='word_1_14' title='bbox 1593 864 1786 974; x_wconf 76' lang='lat' dir='ltr'>Buranun,</span> 
     </span>
     <span class='ocr_line' id='line_1_3' title="bbox 370 998 816 1108; baseline -0.009 -24"><span class='ocrx_word' id='word_1_15' title='bbox 370 1009 522 1108; x_wconf 74' lang='lat' dir='ltr'>runos,</span> <span class='ocrx_word' id='word_1_16' title='bbox 542 1009 572 1082; x_wconf 87' lang='lat' dir='ltr'>t.</span> <span class='ocrx_word' id='word_1_17' title='bbox 592 998 640 1102; x_wconf 85' lang='lat' dir='ltr'>ss,</span> <span class='ocrx_word' id='word_1_18' title='bbox 661 1023 701 1108; x_wconf 88' lang='lat' dir='ltr'>p.</span> <span class='ocrx_word' id='word_1_19' title='bbox 723 998 816 1084; x_wconf 76' lang='lat'><strong>568.</strong></span> 
     </span>
    </p>
   </div>
   <div class='ocr_carea' id='block_1_3' title="bbox 598 1309 797 1324">
    <p class='ocr_par' dir='ltr' id='par_1_3' title="bbox 598 1309 797 1324">
     <span class='ocr_line' id='line_1_4' title="bbox 598 1309 797 1324; baseline 0.01 -2"><span class='ocrx_word' id='word_1_20' title='bbox 598 1309 797 1324; x_wconf 63' lang='lat' dir='ltr'>——nn-</span> 
     </span>
    </p>
   </div>
   <div class='ocr_carea' id='block_1_4' title="bbox 371 1589 1973 2232">
    <p class='ocr_par' dir='ltr' id='par_1_4' title="bbox 371 1589 1973 2232">
     <span class='ocr_line' id='line_1_5' title="bbox 425 1589 1973 1700; baseline 0.001 -26"><span class='ocrx_word' id='word_1_21' title='bbox 425 1589 655 1696; x_wconf 86' lang='lat' dir='ltr'>Fridericus,</span> <span class='ocrx_word' id='word_1_22' title='bbox 675 1589 937 1672; x_wconf 88' lang='lat' dir='ltr'>Romanorum</span> <span class='ocrx_word' id='word_1_23' title='bbox 956 1589 1177 1700; x_wconf 89' lang='lat' dir='ltr'>imperator,</span> <span class='ocrx_word' id='word_1_24' title='bbox 1197 1591 1331 1696; x_wconf 89' lang='lat' dir='ltr'>donat,</span> <span class='ocrx_word' id='word_1_25' title='bbox 1346 1589 1519 1674; x_wconf 88' lang='lat' dir='ltr'>concedit</span> <span class='ocrx_word' id='word_1_26' title='bbox 1533 1599 1572 1674; x_wconf 90' lang='lat' dir='ltr'>et</span> <span class='ocrx_word' id='word_1_27' title='bbox 1588 1590 1788 1675; x_wconf 89' lang='lat' dir='ltr'>confirmat</span> <span class='ocrx_word' id='word_1_28' title='bbox 1827 1595 1973 1696; x_wconf 50' lang='lat'>{333⁹</span> 
     </span>
     <span class='ocr_line' id='line_1_6' title="bbox 371 1721 1787 1833; baseline -0.001 -25"><span class='ocrx_word' id='word_1_29' title='bbox 371 1723 600 1833; x_wconf 83' lang='lat' dir='ltr'>Raymnndo</span> <span class='ocrx_word' id='word_1_30' title='bbox 627 1721 757 1804; x_wconf 82' lang='lat' dir='ltr'>rnmiti</span> <span class='ocrx_word' id='word_1_31' title='bbox 779 1721 969 1806; x_wconf 84' lang='lat' dir='ltr'>Tolosano</span> <span class='ocrx_word' id='word_1_32' title='bbox 997 1721 1101 1804; x_wconf 87' lang='lat' dir='ltr'>affini</span> <span class='ocrx_word' id='word_1_33' title='bbox 1127 1733 1164 1806; x_wconf 90' lang='lat' dir='ltr'>et</span> <span class='ocrx_word' id='word_1_34' title='bbox 1190 1722 1294 1805; x_wconf 90' lang='lat' dir='ltr'>fideli</span> <span class='ocrx_word' id='word_1_35' title='bbox 1313 1733 1542 1805; x_wconf 79' lang='lat' dir='ltr'>scoternam</span> <span class='ocrx_word' id='word_1_36' title='bbox 1560 1723 1787 1807; x_wconf 85' lang='lat' dir='ltr'>Venesinam</span> 
     </span>
     <span class='ocr_line' id='line_1_7' title="bbox 373 1855 1789 1966; baseline 0.001 -26"><span class='ocrx_word' id='word_1_37' title='bbox 373 1867 569 1966; x_wconf 85' lang='lat' dir='ltr'>totamque</span> <span class='ocrx_word' id='word_1_38' title='bbox 604 1855 721 1938; x_wconf 88' lang='lat' dir='ltr'>aliam</span> <span class='ocrx_word' id='word_1_39' title='bbox 753 1881 872 1965; x_wconf 89' lang='lat' dir='ltr'>quam</span> <span class='ocrx_word' id='word_1_40' title='bbox 907 1856 947 1937; x_wconf 92' lang='lat' dir='ltr'>in</span> <span class='ocrx_word' id='word_1_41' title='bbox 980 1855 1141 1966; x_wconf 92' lang='lat' dir='ltr'>imperio</span> <span class='ocrx_word' id='word_1_42' title='bbox 1177 1855 1256 1939; x_wconf 87' lang='lat' dir='ltr'>siue</span> <span class='ocrx_word' id='word_1_43' title='bbox 1281 1856 1322 1938; x_wconf 93' lang='lat' dir='ltr'>in</span> <span class='ocrx_word' id='word_1_44' title='bbox 1354 1880 1474 1966; x_wconf 85' lang='lat' dir='ltr'>regno</span> <span class='ocrx_word' id='word_1_45' title='bbox 1510 1855 1719 1939; x_wconf 79' lang='lat' dir='ltr'><strong>Arelatensi</strong></span> <span class='ocrx_word' id='word_1_46' title='bbox 1751 1869 1789 1941; x_wconf 88' lang='lat' dir='ltr'>et</span> 
     </span>
     <span class='ocr_line' id='line_1_8' title="bbox 373 1987 1788 2102; baseline -0.001 -30"><span class='ocrx_word' id='word_1_47' title='bbox 373 1987 579 2072; x_wconf 87' lang='lat' dir='ltr'>Viennensi</span> <span class='ocrx_word' id='word_1_48' title='bbox 623 1987 726 2072; x_wconf 88' lang='lat' dir='ltr'>idam</span> <span class='ocrx_word' id='word_1_49' title='bbox 765 2013 894 2074; x_wconf 89' lang='lat' dir='ltr'>comes</span> <span class='ocrx_word' id='word_1_50' title='bbox 933 2003 1061 2074; x_wconf 87' lang='lat' dir='ltr'>tenere</span> <span class='ocrx_word' id='word_1_51' title='bbox 1100 1988 1320 2102; x_wconf 85' lang='lat' dir='ltr'>consueuit,</span> <span class='ocrx_word' id='word_1_52' title='bbox 1354 1997 1393 2074; x_wconf 89' lang='lat' dir='ltr'>et</span> <span class='ocrx_word' id='word_1_53' title='bbox 1425 1989 1591 2076; x_wconf 77' lang='lat' dir='ltr'>restituit</span> <span class='ocrx_word' id='word_1_54' title='bbox 1622 2015 1711 2078; x_wconf 84' lang='lat' dir='ltr'>eum</span> <span class='ocrx_word' id='word_1_55' title='bbox 1746 1991 1788 2072; x_wconf 90' lang='lat' dir='ltr'>in</span> 
     </span>
     <span class='ocr_line' id='line_1_9' title="bbox 374 2121 1168 2232; baseline 0.001 -29"><span class='ocrx_word' id='word_1_56' title='bbox 374 2121 599 2232; x_wconf 85' lang='lat' dir='ltr'>dignitatem</span> <span class='ocrx_word' id='word_1_57' title='bbox 626 2121 910 2206; x_wconf 77' lang='lat' dir='ltr'><strong>marchionatus</strong></span> <span class='ocrx_word' id='word_1_58' title='bbox 936 2121 1168 2210; x_wconf 79' lang='lat' dir='ltr'>Provinciae.</span> 
     </span>
    </p>
   </div>
   <div class='ocr_carea' id='block_1_5' title="bbox 454 2331 1791 2624">
    <p class='ocr_par' dir='ltr' id='par_1_5' title="bbox 454 2331 1791 2624">
     <span class='ocr_line' id='line_1_10' title="bbox 454 2331 1791 2416; baseline 0.001 -18"><span class='ocrx_word' id='word_1_59' title='bbox 454 2333 550 2416; x_wconf 77' lang='lat' dir='ltr'>(nort.</span> <span class='ocrx_word' id='word_1_60' title='bbox 570 2352 618 2412; x_wconf 83' lang='lat' dir='ltr'>ap.</span> <span class='ocrx_word' id='word_1_61' title='bbox 633 2335 777 2412; x_wconf 85' lang='lat' dir='ltr'>Boncmr,</span> <span class='ocrx_word' id='word_1_62' title='bbox 792 2335 871 2398; x_wconf 77' lang='lat' dir='ltr'>not</span> <span class='ocrx_word' id='word_1_63' title='bbox 887 2331 923 2396; x_wconf 79' lang='lat' dir='ltr'>de</span> <span class='ocrx_word' id='word_1_64' title='bbox 935 2335 1093 2408; x_wconf 74' lang='lat' dir='ltr'>Prouemr,</span> <span class='ocrx_word' id='word_1_65' title='bbox 1107 2341 1131 2396; x_wconf 88' lang='lat' dir='ltr'>t.</span> <span class='ocrx_word' id='word_1_66' title='bbox 1148 2335 1194 2408; x_wconf 84' lang='grc' dir='ltr'>ΙΙ,</span> <span class='ocrx_word' id='word_1_67' title='bbox 1209 2351 1239 2412; x_wconf 82' lang='lat' dir='ltr'>p.</span> <span class='ocrx_word' id='word_1_68' title='bbox 1256 2343 1332 2409; x_wconf 76' lang='lat'>220,</span> <span class='ocrx_word' id='word_1_69' title='bbox 1354 2333 1407 2396; x_wconf 84' lang='lat' dir='ltr'>sed</span> <span class='ocrx_word' id='word_1_70' title='bbox 1425 2335 1526 2398; x_wconf 84' lang='lat' dir='ltr'>mlnus</span> <span class='ocrx_word' id='word_1_71' title='bbox 1541 2343 1683 2398; x_wconf 78' lang='lat' dir='ltr'>correcte.</span> <span class='ocrx_word' id='word_1_72' title='bbox 1702 2339 1791 2400; x_wconf 83' lang='lat' dir='ltr'>Inte·</span> 
     </span>
     <span class='ocr_line' id='line_1_11' title="bbox 492 2438 1789 2522; baseline 0.005 -21"><span class='ocrx_word' id='word_1_73' title='bbox 492 2457 581 2520; x_wconf 80' lang='lat' dir='ltr'>grum</span> <span class='ocrx_word' id='word_1_74' title='bbox 601 2447 701 2502; x_wconf 79' lang='lat' dir='ltr'>tumen</span> <span class='ocrx_word' id='word_1_75' title='bbox 728 2447 812 2503; x_wconf 80' lang='lat' dir='ltr'>extat</span> <span class='ocrx_word' id='word_1_76' title='bbox 836 2444 868 2502; x_wconf 86' lang='lat' dir='ltr'>ln</span> <span class='ocrx_word' id='word_1_77' title='bbox 892 2438 1027 2504; x_wconf 81' lang='lat' dir='ltr'>Clturtnl.</span> <span class='ocrx_word' id='word_1_78' title='bbox 1055 2442 1158 2521; x_wconf 71' lang='lat' dir='ltr'>Royan</span> <span class='ocrx_word' id='word_1_79' title='bbox 1178 2441 1276 2502; x_wconf 71' lang='lat' dir='ltr'>mut.</span> <span class='ocrx_word' id='word_1_80' title='bbox 1303 2438 1409 2520; x_wconf 75' lang='lat' dir='ltr'>Tolot,</span> <span class='ocrx_word' id='word_1_81' title='bbox 1429 2458 1479 2520; x_wconf 82' lang='lat' dir='ltr'>ap.</span> <span class='ocrx_word' id='word_1_82' title='bbox 1509 2441 1650 2506; x_wconf 76' lang='lat' dir='ltr'>omnum.</span> <span class='ocrx_word' id='word_1_83' title='bbox 1682 2445 1789 2522; x_wconf 70' lang='lat' dir='ltr'>inpar.</span> 
     </span>
     <span class='ocr_line' id='line_1_12' title="bbox 493 2547 713 2624; baseline -0.005 -15"><span class='ocrx_word' id='word_1_84' title='bbox 493 2547 713 2624; x_wconf 81' lang='lat' dir='ltr'>Pcdslenscm.)</span> 
     </span>
    </p>
   </div>
   <div class='ocr_carea' id='block_1_6' title="bbox 375 2733 1799 4942">
    <p class='ocr_par' dir='ltr' id='par_1_6' title="bbox 375 2733 1795 4200">
     <span class='ocr_line' id='line_1_13' title="bbox 421 2733 1789 2826; baseline 0.003 -18"><span class='ocrx_word' id='word_1_85' title='bbox 421 2735 461 2808; x_wconf 92' lang='lat' dir='ltr'>ln</span> <span class='ocrx_word' id='word_1_86' title='bbox 476 2735 620 2808; x_wconf 86' lang='lat' dir='ltr'>nomina</span> <span class='ocrx_word' id='word_1_87' title='bbox 638 2743 756 2809; x_wconf 86' lang='lat' dir='ltr'>sancte</span> <span class='ocrx_word' id='word_1_88' title='bbox 777 2744 812 2809; x_wconf 86' lang='lat' dir='ltr'>et</span> <span class='ocrx_word' id='word_1_89' title='bbox 830 2733 1015 2809; x_wconf 89' lang='lat' dir='ltr'>individue</span> <span class='ocrx_word' id='word_1_90' title='bbox 1029 2734 1216 2807; x_wconf 76' lang='lat' dir='ltr'>Trinitatis.</span> <span class='ocrx_word' id='word_1_91' title='bbox 1236 2733 1430 2812; x_wconf 87' lang='lat' dir='ltr'>Fridcricns</span> <span class='ocrx_word' id='word_1_92' title='bbox 1448 2737 1491 2826; x_wconf 88' lang='lat' dir='ltr'>ss,</span> <span class='ocrx_word' id='word_1_93' title='bbox 1513 2736 1633 2814; x_wconf 79' lang='lat' dir='ltr'>divina</span> <span class='ocrx_word' id='word_1_94' title='bbox 1652 2739 1789 2813; x_wconf 80' lang='lat' dir='ltr'>lavante</span> 
     </span>
     <span class='ocr_line' id='line_1_14' title="bbox 377 2857 1790 2956; baseline 0.006 -26"><span class='ocrx_word' id='word_1_95' title='bbox 377 2858 557 2931; x_wconf 86' lang='lat' dir='ltr'>clementia</span> <span class='ocrx_word' id='word_1_96' title='bbox 580 2857 812 2933; x_wconf 85' lang='lat' dir='ltr'>Romanorum</span> <span class='ocrx_word' id='word_1_97' title='bbox 838 2859 1025 2956; x_wconf 88' lang='lat' dir='ltr'>imperator</span> <span class='ocrx_word' id='word_1_98' title='bbox 1049 2881 1184 2956; x_wconf 82' lang='lat' dir='ltr'><strong>semper</strong></span> <span class='ocrx_word' id='word_1_99' title='bbox 1202 2869 1393 2953; x_wconf 79' lang='lat' dir='ltr'>augustus,</span> <span class='ocrx_word' id='word_1_100' title='bbox 1420 2861 1608 2934; x_wconf 82' lang='lat' dir='ltr'>Ierusalem</span> <span class='ocrx_word' id='word_1_101' title='bbox 1626 2872 1660 2935; x_wconf 85' lang='lat' dir='ltr'>et</span> <span class='ocrx_word' id='word_1_102' title='bbox 1675 2862 1790 2938; x_wconf 81' lang='lat' dir='ltr'>Sicilie</span> 
     </span>
     <span class='ocr_line' id='line_1_15' title="bbox 375 2982 1790 3081; baseline 0.003 -26"><span class='ocrx_word' id='word_1_103' title='bbox 375 3004 452 3055; x_wconf 83' lang='lat' dir='ltr'>rex.</span> <span class='ocrx_word' id='word_1_104' title='bbox 484 2982 675 3078; x_wconf 85' lang='lat' dir='ltr'>imperialis</span> <span class='ocrx_word' id='word_1_105' title='bbox 702 2983 906 3057; x_wconf 84' lang='lat' dir='ltr'>excellentie</span> <span class='ocrx_word' id='word_1_106' title='bbox 935 2983 1058 3056; x_wconf 90' lang='lat' dir='ltr'>solium</span> <span class='ocrx_word' id='word_1_107' title='bbox 1093 2991 1174 3054; x_wconf 89' lang='lat' dir='ltr'>tnnc</span> <span class='ocrx_word' id='word_1_108' title='bbox 1204 2991 1368 3078; x_wconf 79' lang='lat' dir='ltr'>augetur,</span> <span class='ocrx_word' id='word_1_109' title='bbox 1396 3005 1476 3056; x_wconf 87' lang='lat' dir='ltr'>cum</span> <span class='ocrx_word' id='word_1_110' title='bbox 1505 2984 1689 3059; x_wconf 84' lang='lat' dir='ltr'>retinendo</span> <span class='ocrx_word' id='word_1_111' title='bbox 1720 3006 1790 3081; x_wconf 84' lang='lat' dir='ltr'>qne</span> 
     </span>
     <span class='ocr_line' id='line_1_16' title="bbox 376 3103 1790 3204; baseline 0.004 -26"><span class='ocrx_word' id='word_1_112' title='bbox 376 3103 482 3179; x_wconf 89' lang='lat' dir='ltr'>donat</span> <span class='ocrx_word' id='word_1_113' title='bbox 498 3113 533 3178; x_wconf 87' lang='lat' dir='ltr'>et</span> <span class='ocrx_word' id='word_1_114' title='bbox 550 3105 713 3180; x_wconf 91' lang='lat' dir='ltr'>donando</span> <span class='ocrx_word' id='word_1_115' title='bbox 731 3129 801 3202; x_wconf 90' lang='lat' dir='ltr'>qne</span> <span class='ocrx_word' id='word_1_116' title='bbox 828 3105 962 3198; x_wconf 91' lang='lat' dir='ltr'>retinet,</span> <span class='ocrx_word' id='word_1_117' title='bbox 987 3105 1044 3179; x_wconf 88' lang='lat' dir='ltr'>val</span> <span class='ocrx_word' id='word_1_118' title='bbox 1071 3107 1303 3199; x_wconf 86' lang='lat' dir='ltr'>subjectorum</span> <span class='ocrx_word' id='word_1_119' title='bbox 1324 3105 1451 3181; x_wconf 86' lang='lat' dir='ltr'>deuota</span> <span class='ocrx_word' id='word_1_120' title='bbox 1473 3107 1641 3204; x_wconf 87' lang='lat' dir='ltr'>obsequia</span> <span class='ocrx_word' id='word_1_121' title='bbox 1666 3131 1790 3183; x_wconf 88' lang='lat' dir='ltr'>remu-</span> 
     </span>
     <span class='ocr_line' id='line_1_17' title="bbox 376 3229 1785 3328; baseline 0.004 -26"><span class='ocrx_word' id='word_1_122' title='bbox 376 3239 488 3323; x_wconf 86' lang='lat' dir='ltr'>nerat,</span> <span class='ocrx_word' id='word_1_123' title='bbox 509 3239 570 3304; x_wconf 88' lang='lat' dir='ltr'>ant</span> <span class='ocrx_word' id='word_1_124' title='bbox 592 3232 786 3326; x_wconf 89' lang='lat' dir='ltr'>aliquorum</span> <span class='ocrx_word' id='word_1_125' title='bbox 807 3229 1027 3304; x_wconf 87' lang='lat' dir='ltr'>devotionem</span> <span class='ocrx_word' id='word_1_126' title='bbox 1048 3229 1283 3303; x_wconf 88' lang='lat' dir='ltr'>munificentia</span> <span class='ocrx_word' id='word_1_127' title='bbox 1303 3231 1516 3304; x_wconf 81' lang='lat' dir='ltr'>liberalitatis</span> <span class='ocrx_word' id='word_1_128' title='bbox 1532 3233 1697 3328; x_wconf 87' lang='lat' dir='ltr'>acquirit,</span> <span class='ocrx_word' id='word_1_129' title='bbox 1718 3245 1785 3308; x_wconf 90' lang='lat' dir='ltr'>etc.</span> 
     </span>
     <span class='ocr_line' id='line_1_18' title="bbox 379 3353 1789 3448; baseline 0.004 -22"><span class='ocrx_word' id='word_1_130' title='bbox 379 3355 449 3428; x_wconf 88' lang='lat' dir='ltr'>Hac</span> <span class='ocrx_word' id='word_1_131' title='bbox 476 3353 584 3448; x_wconf 77' lang='lat' dir='ltr'>igitur</span> <span class='ocrx_word' id='word_1_132' title='bbox 609 3355 884 3429; x_wconf 86' lang='lat' dir='ltr'>consideratione</span> <span class='ocrx_word' id='word_1_133' title='bbox 908 3354 1089 3445; x_wconf 89' lang='lat' dir='ltr'>commoti,</span> <span class='ocrx_word' id='word_1_134' title='bbox 1111 3353 1251 3426; x_wconf 88' lang='lat' dir='ltr'>illustris</span> <span class='ocrx_word' id='word_1_135' title='bbox 1265 3353 1333 3426; x_wconf 87' lang='lat' dir='ltr'>viri</span> <span class='ocrx_word' id='word_1_136' title='bbox 1355 3355 1471 3429; x_wconf 85' lang='lat' dir='ltr'>dilecti</span> <span class='ocrx_word' id='word_1_137' title='bbox 1493 3355 1608 3428; x_wconf 79' lang='lat' dir='ltr'>affinis</span> <span class='ocrx_word' id='word_1_138' title='bbox 1624 3365 1660 3430; x_wconf 85' lang='lat' dir='ltr'>et</span> <span class='ocrx_word' id='word_1_139' title='bbox 1676 3355 1789 3431; x_wconf 75' lang='lat' dir='ltr'>liddis</span> 
     </span>
     <span class='ocr_line' id='line_1_19' title="bbox 378 3477 1792 3579; baseline 0.005 -29"><span class='ocrx_word' id='word_1_140' title='bbox 378 3479 484 3552; x_wconf 86' lang='lat' dir='ltr'>nostri</span> <span class='ocrx_word' id='word_1_141' title='bbox 502 3479 688 3554; x_wconf 87' lang='lat' dir='ltr'>Raimundi</span> <span class='ocrx_word' id='word_1_142' title='bbox 710 3481 845 3553; x_wconf 83' lang='lat' dir='ltr'>comitis</span> <span class='ocrx_word' id='word_1_143' title='bbox 861 3477 1020 3552; x_wconf 72' lang='lat' dir='ltr'>&#39;dolosani</span> <span class='ocrx_word' id='word_1_144' title='bbox 1040 3477 1110 3552; x_wconf 86' lang='lat' dir='ltr'>fide</span> <span class='ocrx_word' id='word_1_145' title='bbox 1125 3487 1159 3551; x_wconf 87' lang='lat' dir='ltr'>et</span> <span class='ocrx_word' id='word_1_146' title='bbox 1183 3478 1370 3553; x_wconf 85' lang='lat' dir='ltr'>devotione</span> <span class='ocrx_word' id='word_1_147' title='bbox 1390 3480 1563 3575; x_wconf 81' lang='lat' dir='ltr'>pensatis,</span> <span class='ocrx_word' id='word_1_148' title='bbox 1585 3490 1726 3579; x_wconf 87' lang='lat' dir='ltr'>recepto</span> <span class='ocrx_word' id='word_1_149' title='bbox 1745 3483 1792 3557; x_wconf 86' lang='lat' dir='ltr'>ab</span> 
     </span>
     <span class='ocr_line' id='line_1_20' title="bbox 378 3603 1790 3702; baseline 0.004 -26"><span class='ocrx_word' id='word_1_150' title='bbox 378 3624 431 3696; x_wconf 87' lang='lat' dir='ltr'>co,</span> <span class='ocrx_word' id='word_1_151' title='bbox 450 3613 518 3678; x_wconf 85' lang='lat' dir='ltr'>etc.</span> <span class='ocrx_word' id='word_1_152' title='bbox 539 3605 720 3700; x_wconf 86' lang='lat' dir='ltr'>[Sequitur</span> <span class='ocrx_word' id='word_1_153' title='bbox 742 3604 788 3678; x_wconf 91' lang='lat' dir='ltr'>dc</span> <span class='ocrx_word' id='word_1_154' title='bbox 804 3605 912 3680; x_wconf 89' lang='lat' dir='ltr'>verbo</span> <span class='ocrx_word' id='word_1_155' title='bbox 939 3603 986 3677; x_wconf 88' lang='lat' dir='ltr'>ad</span> <span class='ocrx_word' id='word_1_156' title='bbox 1011 3603 1180 3697; x_wconf 86' lang='lat' dir='ltr'>verbum,</span> <span class='ocrx_word' id='word_1_157' title='bbox 1198 3603 1289 3676; x_wconf 84' lang='lat' dir='ltr'>sicut</span> <span class='ocrx_word' id='word_1_158' title='bbox 1313 3604 1350 3676; x_wconf 92' lang='lat' dir='ltr'>in</span> <span class='ocrx_word' id='word_1_159' title='bbox 1379 3603 1561 3700; x_wconf 77' lang='lat' dir='ltr'>privilegio</span> <span class='ocrx_word' id='word_1_160' title='bbox 1585 3603 1668 3679; x_wconf 86' lang='lat' dir='ltr'>dato</span> <span class='ocrx_word' id='word_1_161' title='bbox 1693 3607 1790 3702; x_wconf 79' lang='lat' dir='ltr'>apud</span> 
     </span>
     <span class='ocr_line' id='line_1_21' title="bbox 378 3728 1794 3829; baseline 0.004 -27"><span class='ocrx_word' id='word_1_162' title='bbox 378 3730 699 3826; x_wconf 84' lang='lat' dir='ltr'>llontcmtlasconis,</span> <span class='ocrx_word' id='word_1_163' title='bbox 726 3731 913 3828; x_wconf 86' lang='lat' dir='ltr'>septembri</span> <span class='ocrx_word' id='word_1_164' title='bbox 932 3729 1046 3820; x_wconf 73' lang='lat' dir='ltr'>last,</span> <span class='ocrx_word' id='word_1_165' title='bbox 1074 3729 1170 3825; x_wconf 92' lang='lat' dir='ltr'>qnod</span> <span class='ocrx_word' id='word_1_166' title='bbox 1194 3753 1299 3827; x_wconf 87' lang='lat' dir='ltr'>snpra</span> <span class='ocrx_word' id='word_1_167' title='bbox 1324 3753 1362 3827; x_wconf 90' lang='lat' dir='ltr'>p.</span> <span class='ocrx_word' id='word_1_168' title='bbox 1390 3728 1492 3829; x_wconf 76' lang='lat' dir='ltr'>las]</span> <span class='ocrx_word' id='word_1_169' title='bbox 1518 3731 1562 3804; x_wconf 87' lang='lat' dir='ltr'>Ut</span> <span class='ocrx_word' id='word_1_170' title='bbox 1585 3740 1702 3804; x_wconf 89' lang='lat' dir='ltr'>antem</span> <span class='ocrx_word' id='word_1_171' title='bbox 1728 3732 1794 3807; x_wconf 86' lang='lat' dir='ltr'>hec</span> 
     </span>
     <span class='ocr_line' id='line_1_22' title="bbox 378 3853 1795 3949; baseline 0.001 -23"><span class='ocrx_word' id='word_1_172' title='bbox 378 3863 492 3928; x_wconf 83' lang='lat' dir='ltr'>nostra</span> <span class='ocrx_word' id='word_1_173' title='bbox 512 3855 687 3947; x_wconf 82' lang='lat' dir='ltr'>defensio,</span> <span class='ocrx_word' id='word_1_174' title='bbox 712 3856 886 3929; x_wconf 70' lang='lat' dir='ltr'>concessio</span> <span class='ocrx_word' id='word_1_175' title='bbox 912 3863 945 3927; x_wconf 87' lang='lat' dir='ltr'>ct</span> <span class='ocrx_word' id='word_1_176' title='bbox 964 3853 1177 3926; x_wconf 82' lang='lat' dir='ltr'>confirmatio</span> <span class='ocrx_word' id='word_1_177' title='bbox 1191 3853 1299 3926; x_wconf 92' lang='lat' dir='ltr'>robnr</span> <span class='ocrx_word' id='word_1_178' title='bbox 1319 3853 1474 3926; x_wconf 87' lang='lat' dir='ltr'>obtineat</span> <span class='ocrx_word' id='word_1_179' title='bbox 1498 3864 1665 3949; x_wconf 85' lang='lat' dir='ltr'>perpetue</span> <span class='ocrx_word' id='word_1_180' title='bbox 1680 3853 1795 3928; x_wconf 80' lang='lat' dir='ltr'>firmi-</span> 
     </span>
     <span class='ocr_line' id='line_1_23' title="bbox 380 3977 1794 4075; baseline 0.001 -22"><span class='ocrx_word' id='word_1_181' title='bbox 380 3982 478 4074; x_wconf 88' lang='lat' dir='ltr'>tatis,</span> <span class='ocrx_word' id='word_1_182' title='bbox 511 3981 559 4055; x_wconf 89' lang='lat' dir='ltr'>ad</span> <span class='ocrx_word' id='word_1_183' title='bbox 589 3983 740 4055; x_wconf 81' lang='lat' dir='ltr'>futuram</span> <span class='ocrx_word' id='word_1_184' title='bbox 764 3980 965 4054; x_wconf 85' lang='lat' dir='ltr'>memoriam</span> <span class='ocrx_word' id='word_1_185' title='bbox 995 3999 1137 4075; x_wconf 84' lang='lat' dir='ltr'>presens</span> <span class='ocrx_word' id='word_1_186' title='bbox 1163 3979 1385 4074; x_wconf 76' lang='lat' dir='ltr'>privilegium</span> <span class='ocrx_word' id='word_1_187' title='bbox 1410 3977 1485 4055; x_wconf 86' lang='lat' dir='ltr'>ficri</span> <span class='ocrx_word' id='word_1_188' title='bbox 1511 3987 1546 4052; x_wconf 87' lang='lat' dir='ltr'>et</span> <span class='ocrx_word' id='word_1_189' title='bbox 1570 3979 1666 4054; x_wconf 83' lang='lat' dir='ltr'>bulla</span> <span class='ocrx_word' id='word_1_190' title='bbox 1688 4003 1794 4054; x_wconf 85' lang='lat' dir='ltr'>aurea</span> 
     </span>
     <span class='ocr_line' id='line_1_24' title="bbox 380 4102 1441 4200; baseline 0.003 -28"><span class='ocrx_word' id='word_1_191' title='bbox 380 4105 512 4200; x_wconf 79' lang='lat' dir='ltr'>typario</span> <span class='ocrx_word' id='word_1_192' title='bbox 527 4113 642 4178; x_wconf 88' lang='lat' dir='ltr'>nostra</span> <span class='ocrx_word' id='word_1_193' title='bbox 659 4106 846 4198; x_wconf 82' lang='lat' dir='ltr'>majestatis</span> <span class='ocrx_word' id='word_1_194' title='bbox 861 4105 1027 4200; x_wconf 85' lang='lat' dir='ltr'>impressa</span> <span class='ocrx_word' id='word_1_195' title='bbox 1041 4103 1209 4196; x_wconf 88' lang='lat' dir='ltr'>jussimus</span> <span class='ocrx_word' id='word_1_196' title='bbox 1224 4102 1441 4176; x_wconf 89' lang='lat' dir='ltr'>communiri.</span> 
     </span>
    </p>

    <p class='ocr_par' dir='ltr' id='par_1_7' title="bbox 377 4225 1796 4696">
     <span class='ocr_line' id='line_1_25' title="bbox 425 4225 1792 4322; baseline -0.001 -23"><span class='ocrx_word' id='word_1_197' title='bbox 425 4229 536 4321; x_wconf 84' lang='lat' dir='ltr'>Hujus</span> <span class='ocrx_word' id='word_1_198' title='bbox 554 4239 670 4302; x_wconf 85' lang='lat' dir='ltr'>autem</span> <span class='ocrx_word' id='word_1_199' title='bbox 688 4229 737 4302; x_wconf 90' lang='lat' dir='ltr'>rei</span> <span class='ocrx_word' id='word_1_200' title='bbox 759 4238 861 4303; x_wconf 86' lang='lat' dir='ltr'>testes</span> <span class='ocrx_word' id='word_1_201' title='bbox 881 4238 962 4302; x_wconf 91' lang='lat' dir='ltr'>sunt</span> <span class='ocrx_word' id='word_1_202' title='bbox 983 4254 992 4299; x_wconf 76' lang='grc' dir='ltr'><strong><em>ε</em></strong></span> <span class='ocrx_word' id='word_1_203' title='bbox 1016 4279 1075 4300; x_wconf 92' lang='grc'>...</span> <span class='ocrx_word' id='word_1_204' title='bbox 1095 4226 1314 4300; x_wconf 86' lang='lat' dir='ltr'>Travcrensis</span> <span class='ocrx_word' id='word_1_205' title='bbox 1332 4225 1624 4322; x_wconf 85' lang='lat' dir='ltr'>archiepiscopus,</span> <span class='ocrx_word' id='word_1_206' title='bbox 1646 4280 1681 4301; x_wconf 83' lang='lat'>..</span> <span class='ocrx_word' id='word_1_207' title='bbox 1698 4279 1708 4299; x_wconf 88' lang='lat'><strong>.</strong></span> <span class='ocrx_word' id='word_1_208' title='bbox 1727 4227 1792 4301; x_wconf 78' lang='lat' dir='ltr'>Vi·</span> 
     </span>
     <span class='ocr_line' id='line_1_26' title="bbox 377 4350 1793 4452; baseline 0.001 -27"><span class='ocrx_word' id='word_1_209' title='bbox 377 4351 546 4425; x_wconf 86' lang='lat' dir='ltr'>variensis</span> <span class='ocrx_word' id='word_1_210' title='bbox 564 4354 760 4452; x_wconf 86' lang='lat' dir='ltr'>episcopus,</span> <span class='ocrx_word' id='word_1_211' title='bbox 781 4353 857 4426; x_wconf 84' lang='lat' dir='ltr'>dux</span> <span class='ocrx_word' id='word_1_212' title='bbox 872 4351 1068 4445; x_wconf 88' lang='lat' dir='ltr'>Brabantie,</span> <span class='ocrx_word' id='word_1_213' title='bbox 1084 4352 1160 4426; x_wconf 86' lang='lat' dir='ltr'>dux</span> <span class='ocrx_word' id='word_1_214' title='bbox 1174 4351 1220 4424; x_wconf 90' lang='lat' dir='ltr'>de</span> <span class='ocrx_word' id='word_1_215' title='bbox 1232 4351 1409 4445; x_wconf 78' lang='lat' dir='ltr'>Limburg,</span> <span class='ocrx_word' id='word_1_216' title='bbox 1426 4350 1503 4425; x_wconf 85' lang='lat' dir='ltr'>dux</span> <span class='ocrx_word' id='word_1_217' title='bbox 1516 4350 1661 4424; x_wconf 84' lang='lat' dir='ltr'>Bararia</span> <span class='ocrx_word' id='word_1_218' title='bbox 1678 4373 1793 4426; x_wconf 83' lang='lat' dir='ltr'>comcs</span> 
     </span>
     <span class='ocr_line' id='line_1_27' title="bbox 379 4472 1796 4572; baseline 0.001 -27"><span class='ocrx_word' id='word_1_219' title='bbox 379 4475 551 4572; x_wconf 83' lang='lat' dir='ltr'>palatinus</span> <span class='ocrx_word' id='word_1_220' title='bbox 566 4477 673 4567; x_wconf 82' lang='lat' dir='ltr'>Rani,</span> <span class='ocrx_word' id='word_1_221' title='bbox 692 4477 769 4552; x_wconf 83' lang='lat' dir='ltr'>dux</span> <span class='ocrx_word' id='word_1_222' title='bbox 785 4476 1018 4572; x_wconf 77' lang='lat' dir='ltr'>lotharingie,</span> <span class='ocrx_word' id='word_1_223' title='bbox 1038 4475 1192 4550; x_wconf 89' lang='lat' dir='ltr'>marchio</span> <span class='ocrx_word' id='word_1_224' title='bbox 1207 4473 1254 4549; x_wconf 87' lang='lat' dir='ltr'>da</span> <span class='ocrx_word' id='word_1_225' title='bbox 1272 4475 1408 4567; x_wconf 84' lang='lat' dir='ltr'>Badeo,</span> <span class='ocrx_word' id='word_1_226' title='bbox 1428 4473 1636 4568; x_wconf 81' lang='lat' dir='ltr'>burgravius</span> <span class='ocrx_word' id='word_1_227' title='bbox 1654 4472 1699 4554; x_wconf 86' lang='lat' dir='ltr'>dc</span> <span class='ocrx_word' id='word_1_228' title='bbox 1714 4473 1796 4548; x_wconf 89' lang='lat' dir='ltr'>Nn-</span> 
     </span>
     <span class='ocr_line' id='line_1_28' title="bbox 379 4599 1590 4696; baseline -0.002 -23"><span class='ocrx_word' id='word_1_229' title='bbox 379 4599 551 4696; x_wconf 79' lang='lat' dir='ltr'>rcmberg,</span> <span class='ocrx_word' id='word_1_230' title='bbox 568 4599 611 4673; x_wconf 86' lang='grc' dir='ltr'>Α.</span> <span class='ocrx_word' id='word_1_231' title='bbox 634 4599 680 4673; x_wconf 91' lang='lat' dir='ltr'>de</span> <span class='ocrx_word' id='word_1_232' title='bbox 696 4602 847 4676; x_wconf 85' lang='lat' dir='ltr'>Pictnuia</span> <span class='ocrx_word' id='word_1_233' title='bbox 862 4623 977 4675; x_wconf 88' lang='lat' dir='ltr'>comes</span> <span class='ocrx_word' id='word_1_234' title='bbox 990 4599 1206 4694; x_wconf 87' lang='lat' dir='ltr'>Valentinus,</span> <span class='ocrx_word' id='word_1_235' title='bbox 1228 4599 1338 4673; x_wconf 82' lang='lat' dir='ltr'>etalii</span> <span class='ocrx_word' id='word_1_236' title='bbox 1355 4600 1590 4694; x_wconf 88' lang='lat' dir='ltr'>quamplures.</span> 
     </span>
    </p>

    <p class='ocr_par' dir='ltr' id='par_1_8' title="bbox 383 4722 1799 4942">
     <span class='ocr_line' id='line_1_29' title="bbox 427 4722 1799 4821; baseline 0.002 -27"><span class='ocrx_word' id='word_1_237' title='bbox 427 4723 572 4819; x_wconf 81' lang='lat' dir='ltr'>Signum</span> <span class='ocrx_word' id='word_1_238' title='bbox 593 4723 724 4798; x_wconf 90' lang='lat' dir='ltr'>domini</span> <span class='ocrx_word' id='word_1_239' title='bbox 738 4725 902 4799; x_wconf 87' lang='lat' dir='ltr'>Fridcrici</span> <span class='ocrx_word' id='word_1_240' title='bbox 920 4725 962 4817; x_wconf 91' lang='lat' dir='ltr'>ll,</span> <span class='ocrx_word' id='word_1_241' title='bbox 980 4725 1042 4798; x_wconf 89' lang='lat' dir='ltr'>Dei</span> <span class='ocrx_word' id='word_1_242' title='bbox 1061 4725 1171 4820; x_wconf 79' lang='lat' dir='ltr'>gratia</span> <span class='ocrx_word' id='word_1_243' title='bbox 1185 4725 1415 4798; x_wconf 85' lang='lat' dir='ltr'>Romanorum</span> <span class='ocrx_word' id='word_1_244' title='bbox 1428 4722 1644 4821; x_wconf 83' lang='lat' dir='ltr'>imperatoris</span> <span class='ocrx_word' id='word_1_245' title='bbox 1662 4743 1799 4820; x_wconf 83' lang='lat' dir='ltr'>aanrper</span> 
     </span>
     <span class='ocr_line' id='line_1_30' title="bbox 383 4848 1037 4942; baseline 0.006 -26"><span class='ocrx_word' id='word_1_246' title='bbox 383 4848 533 4942; x_wconf 76' lang='lat' dir='ltr'>angusti,</span> <span class='ocrx_word' id='word_1_247' title='bbox 551 4849 739 4922; x_wconf 82' lang='lat' dir='ltr'>Jerusalem</span> <span class='ocrx_word' id='word_1_248' title='bbox 756 4858 790 4923; x_wconf 88' lang='lat' dir='ltr'>st</span> <span class='ocrx_word' id='word_1_249' title='bbox 804 4849 918 4923; x_wconf 86' lang='lat' dir='ltr'>Sicilie</span> <span class='ocrx_word' id='word_1_250' title='bbox 931 4849 1037 4942; x_wconf 77' lang='lat' dir='ltr'>rogis.</span> 
     </span>
    </p>
   </div>
   <div class='ocr_carea' id='block_1_7' title="bbox 0 0 2449 6356">
    <p class='ocr_par' dir='ltr' id='par_1_9' title="bbox 0 0 2449 6356">
     <span class='ocr_line' id='line_1_31' title="bbox 0 0 2449 6356; baseline 0 0"><span class='ocrx_word' id='word_1_251' title='bbox 0 0 2449 6356; x_wconf 95' lang='lat' dir='ltr'> </span> 
     </span>
    </p>
   </div>
  </div>
 </body>
</html>
