4859 6359
1130 779 1304 843 usuarct
1328 779 1496 841 suerrus
1832 783 1916 864 [su.
1935 785 2021 849 raes

806 1070 809 1079 Ι
827 1055 1037 1071 m

404 1333 593 1444 “impr
665 1310 870 1454 Hearipus'j
887 1301 1146 1447 Romanorum
1168 1355 1255 1438 rex,
1276 1301 1668 1442 ad'suppticationem
1687 1301 1836 1413 abbatis
1863 1341 1901 1413 et
1914 1307 2024 1419 *eon-

613 1471 748 1546 uentus
775 1464 823 1544 de
837 1461 1059 1574 Otterburg‚
1083 1461 1325 1572 priuilegium
1347 1461 1396 1546 ab
1420 1459 1559 1546 Ottone
1580 1461 1630 1546 lV
1652 1463 1775 1546 eidem
1793 1459 2023 1548 monasterio

611 1595 804 1678 indultum
834 1594 968 1678 inserit
990 1605 1028 1678 et
1063 1595 1284 1702 uoufirmat,
1314 1595 1492 1706 idemque
1518 1621 1608 1696 eum
1635 1595 1815 1698 omnibus
1843 1597 1959 1682 curiis
1986 1607 2025 1682 et

609 1729 913 1840 possessionibus
930 1727 1013 1839 ejus
1030 1729 1071 1810 iu
1087 1729 1319 1839 protectione
1336 1753 1407 1814 sue
1423 1728 1568 1838 recipit.

694 1943 798 2025 (Edld.
814 1943 926 2007 ems.
945 1897 1414 2026 numerumnunerum
1430 1941 1549 2021 Pelet„
1565 1948 1589 2007 t.
1604 1943 1631 2020 l,
1644 1961 1675 2023 p.
1692 1951 1763 2019 279,
1775 1942 1941 2024 mm.)

659 2134 699 2206 lu
716 2132 856 2206 nomine
872 2142 991 2206 sancte
1008 2143 1044 2206 et
1061 2131 1245 2210 ludlridue
1260 2132 1446 2208 Trinitatis.
1466 2131 1647 2206 Heinrieus
1675 2133 1863 2226 septimus,
1901 2130 2022 2204 diviua

611 2258 750 2331 favente
773 2257 953 2331 elementis
976 2257 1289 2330 llumauorumrex
1311 2277 1446 2350 semper
1471 2264 1653 2350 augustus.
1674 2255 1731 2330 Ad
1750 2257 1930 2350 utriusque
1949 2255 2021 2330 vite

617 2380 815 2457 felicitatem
826 2380 991 2475 prodesse
1001 2380 1102 2454 uobis
1115 2402 1186 2454 non
1198 2379 1420 2474 ambigimus,
1436 2379 1553 2454 silom
1568 2379 1688 2456 divino
1701 2379 1810 2454 uultui
1825 2381 2021 2475 mancipatu

616 2504 853 2578 curaverimus
874 2505 1040 2599 ampliare
1054 2512 1089 2577 et
1106 2522 1271 2598 personne
1292 2504 1365 2576 Deo
1382 2503 1565 2578 militantes
1587 2503 1626 2578 in
1643 2502 1775 2578 eisdem
1789 2503 1885 2598 regio
1903 2511 2021 2598 putro-

618 2627 709 2699 oinio
724 2624 922 2707 defendere.
942 2625 1159 2702 Aoeedeutes
1170 2628 1276 2721 igitur
1293 2625 1339 2700 ad
1354 2645 1418 2702 aes
1440 2626 1549 2702 obbas
1568 2648 1611 2700 so
1632 2635 1824 2700 oenueutus
1846 2625 1891 2700 de
1905 2627 2021 2700 Otter·

609 2749 700 2844 burg
715 2748 938 2825 devotissime
947 2752 1186 2846 supplicarunt
1201 2760 1241 2824 ut
1258 2750 1481 2846 privilegium
1494 2751 1539 2824 ab
1550 2760 1769 2826 untauessore
1778 2760 1895 2825 nostro
1912 2752 2021 2847 impe-

610 2884 722 2949 retore
738 2877 863 2950 Ottoue
876 2877 960 2971 ipsis
971 2875 1146 2948 indultum
1157 2884 1274 2950 nostra
1292 2875 1456 2950 serenitas
1471 2875 1673 2970 dignaretur
1684 2874 1903 2966 eunllrmere3
1921 2878 2021 2969 eujus

610 3001 782 3096 privilegii
798 3009 896 3075 tenor
908 3000 985 3075 ulis
997 3009 1050 3074 est
1065 3027 1074 3071 :

659 3124 737 3198 Otto
753 3135 912 3219 quartus,
931 3125 1052 3198 diviua
1065 3126 1204 3200 favente
1222 3123 1402 3198 elementia
1416 3123 1647 3198 Romanorum
1665 3143 1730 3210 rex
1747 3131 1782 3196 et
1800 3141 1937 3218 semper
1951 3143 2019 3194 su·

610 3259 745 3344 gustus.
762 3249 866 3344 Apud
883 3251 1011 3340 Regem
1024 3259 1146 3342 regum
1162 3248 1263 3322 nobis
1278 3245 1452 3322 eredimus
1471 3249 1689 3344 profuturum
1707 3248 1738 3320 si
1754 3247 1921 3340 religiosis
1934 3247 2019 3319 viris

611 3371 865 3467 providerimus
883 3381 922 3444 ut
938 3374 975 3444 in
990 3393 1077 3468 puoe
1097 3382 1133 3444 et
1146 3373 1265 3466 quiete
1283 3372 1340 3446 die
1356 3381 1531 3466 noctuque
1548 3372 1735 3464 majestatis
1751 3371 1842 3444 illius
1860 3371 2020 3444 assistant

612 3496 723 3566 vultui
750 3497 851 3586 eujus
874 3517 994 3568 omues
1016 3517 1080 3568 uus
1100 3516 1242 3568 neeesse
1267 3505 1319 3569 est
1340 3505 1451 3570 astare
1471 3497 1648 3570 tribunali.
1669 3498 1885 3591 Quapropter
1900 3505 2020 3569 notum

611 3620 756 3692 facimus
771 3620 942 3692 universis
959 3620 1057 3714 regni
1068 3620 1176 3692 nostri
1191 3619 1351 3693 fidelibus
1363 3628 1432 3693 mm
1443 3621 1659 3716 presentibus
1670 3643 1777 3716 quam
1792 3619 2020 3715 lutarisqaud

611 3745 752 3838 querela
769 3765 839 3837 que
854 3744 1052 3817 vertebatur
1070 3743 1159 3818 iuter
1176 3743 1420 3816 monesterium
1438 3742 1483 3818 de
1494 3745 1679 3840 Otterburg
1694 3753 1730 3818 et
1748 3744 1869 3818 fideles
1886 3751 2019 3818 nostrus

614 3867 859 3941 lllerbodonem
880 3868 925 3941 de
945 3865 1185 3940 Saveleubeim
1198 3865 1457 3940 etVernberum
1482 3869 1620 3942 lretrem
1638 3870 1727 3962 ejus,
1743 3891 1857 3942 eoram
1869 3868 1968 3942 nobis
1980 3867 2016 3938 iu

610 3991 704 4062 hune
722 3991 863 4064 medum
878 3991 1063 4086 estsopite.
1083 3991 1362 4065 iurisdietionem
1376 4013 1482 4085 quam
1502 3991 1547 4064 de
1566 3990 1667 4065 leudo
1684 4013 1725 4070 ee
1740 3992 1869 4066 bebere
1882 4011 2017 4066 assero-

611 4114 696 4188 bant
717 4135 822 4210 super
846 4115 964 4188 villam
988 4115 1177 4188 Erlenbaeb
1202 4125 1238 4187 et
1258 4114 1428 4209 quasdam
1457 4117 1570 4189 curias
1599 4117 1796 4190 monasterii
1814 4117 1850 4189 in
1874 4137 2016 4188 menum

608 4247 759 4312 uestrum
777 4239 1057 4333 resignaverunt,
1077 4238 1191 4312 eidem
1210 4239 1247 4310 iu
1268 4249 1473 4336 perpetuum
1491 4262 1553 4336 pro
1569 4249 1650 4314 seet
1665 4261 1727 4336 pro
1742 4241 1815 4315 suis
1829 4239 2016 4313 heredibus

607 4364 898 4455 abrenuntiantes,
918 4373 959 4436 ut
978 4364 1023 4437 de
1036 4363 1251 4462 oeteronihil
1262 4367 1438 4460 potestatis
1451 4375 1485 4440 et
1498 4367 1587 4459 juris
1604 4366 1753 4440 babeant
1770 4367 1807 4438 iu
1825 4365 1922 4439 omui
1940 4365 2015 4438 loeo

611 4488 834 4581 possessionis
850 4489 943 4561 illius
961 4491 1174 4582 monasterii,
1191 4501 1263 4564 tem
1275 4491 1341 4586 ipsi
1355 4513 1460 4586 quam
1470 4513 1589 4597 eorum
1607 4513 1832 4566 sueeessores.
1852 4491 1921 4564 Sed
1935 4499 1969 4563 et
1984 4491 2014 4564 si

609 4613 695 4706 quid
709 4613 881 4687 commodi
899 4614 944 4687 de
956 4615 1108 4711 ipsorum
1126 4624 1214 4688 terre
1230 4613 1347 4712 quoad
1361 4605 1490 4712 pascue
1510 4603 1693 4690 dumtaxat
1716 4627 1751 4690 et
1774 4617 1883 4690 iteret
1899 4624 2016 4690 aetum

608 4747 643 4810 et
656 4737 749 4810 riam
762 4720 923 4813 iratribus
934 4740 983 4810 illi
997 4741 1203 4814 monasterio
1214 4739 1819 4837 servientibusprovenireputuerit,
1838 4741 2018 4830 hebebant¹

609 4869 757 4956 gratum.
778 4863 883 4936 Porro
896 4865 932 4936 in
954 4885 1072 4938 eorum
1082 4865 1321 4958 jurisdictione
1335 4865 1382 4940 du
1394 4875 1511 4943 eutero
1525 4887 1596 4940 nou
1613 4867 1729 4940 lioebit
1748 4867 1912 4940 tratribus
1932 4888 2013 4940 me·
