4859 6359
406 823 563 903 tumme]
852 819 1047 882 HISTORIA
1072 819 1362 886 ntenottnnrcn.
1755 825 1814 887 '123

407 961 561 1051 rusticis,
580 959 618 1030 in
630 955 804 1054 presentie
819 954 969 1027 miiitum
986 954 1136 1028 Heinriui
1151 953 1197 1028 de
1211 955 1472 1052 Schurpheneke
1490 968 1525 1032 et
1541 957 1603 1032 filii
1620 959 1696 1052 ejus
1709 961 1811 1033 Hein-

407 1085 469 1158 riui
479 1083 644 1180 iunioris,
669 1081 711 1153 C.
729 1079 776 1153 de
788 1077 905 1172 Rode,
931 1078 1125 1154 Buidewini
1149 1070 1195 1154 de
1211 1080 1378 1173 Nimstel,
1397 1083 1527 1156 nitheri
1553 1084 1600 1157 de
1615 1081 1807 1174 Quei'u'hen,

407 1207 607 1304 supradicte
617 1202 763 1278 euutesie
775 1201 931 1298 personis
945 1211 1111 1298 perpetuo
1120 1203 1329 1299 possidenda
1337 1227 1416 1278 enm
1434 1207 1529 1278 omni
1541 1207 1619 1298 jure
1631 1230 1701 1302 quo
1716 1209 1813 1305 prius

408 1354 450 1406 eu
464 1328 706 1427 posmderttn,
733 1347 871 1398 rursum
896 1326 1130 1422 sollempniter
1156 1327 1383 1422 assignando,
1411 1338 1520 1402 tntum
1548 1331 1675 1402 fautum
1696 1353 1810 1406 meum

407 1453 623 1528 uunfirmuvi.
653 1449 805 1524 Tandem
826 1447 923 1545 apud
940 1458 1089 1522 ossuum
1114 1451 1332 1544 Spigelbere,
1359 1453 1513 1548 predicto
1536 1453 1580 1524 Η.
1611 1453 1656 1528 de
1682 1455 1813 1552 Scher-

408 1577 585 1675 pheneuke
607 1584 643 1649 et
667 1575 814 1668 Hugune
840 1572 888 1646 de
904 1571 1083 1647 Offinbeeh
1105 1583 1188 1648 tune
1212 1575 1402 1669 burgraviu
1421 1577 1458 1648 in
1481 1577 1680 1673 Spigelberc
1697 1599 1810 1653 curam

408 1703 557 1797 glorium
568 1700 800 1773 Romanorum
812 1697 1079 1792 regeiieinriuu,
1095 1697 1184 1774 raom
1196 1721 1276 1774 meo
1292 1711 1326 1774 et
1338 1701 1409 1795 juri
1424 1703 1568 1776 ecclesie
1580 1705 1811 1777 testimonium

409 1825 688 1923 perhibentibus,
708 1821 803 1896 idem
816 1842 881 1895 rex
897 1831 967 1895 tum
986 1817 1113 1896 tactum
1129 1833 1283 1897 nostrum
1299 1847 1404 1920 quum
1417 1827 1475 1919 jus
1486 1826 1630 1900 ecclesie
1648 1829 1765 1902 tavers
1779 1841 1813 1902 et

408 1971 554 2026 msensu
572 1947 849 2037 murmuravit,
873 1956 909 2020 et
924 1945 1081 2042 predicto
1099 1948 1237 2044 Hugoni
1259 1950 1447 2045 bmgruvio
1462 1951 1508 2024 ab
1521 1952 1616 2024 omni
1634 1952 1765 2028 lesione
1779 1966 1814 2026 et

411 2074 537 2168 injuris
552 2073 755 2147 anctoritate
767 2071 866 2168 regia
881 2069 1051 2146 tuendum
1061 2071 1244 2146 mmmisit.

460 2199 572 2293 Hujus
586 2198 638 2272 rui
660 2206 764 2271 testes
785 2205 867 2268 sunt
886 2221 895 2268 ε
913 2195 1120 2270 venerabilis
1141 2195 1179 2269 C.
1205 2197 1387 2294 episeopus
1407 2198 1594 2295 Spirensis,
1620 2199 1817 2276 Hertwicns

416 2324 613 2420 cupelhnus
637 2322 730 2414 eius,
760 2319 955 2394 Friderieus
981 2341 1097 2395 eomes
1124 2319 1169 2398 de
1199 2322 1387 2418 Liningen,
1425 2321 1624 2398 Gerhnrdus
1644 2325 1818 2422 sylvester

414 2469 543 2540 nomes,
562 2445 773 2518 Wemherus
783 2443 829 2518 de
839 2444 1058 2534 Bonlunden‚
1077 2445 1228 2520 wiricus
1240 2446 1285 2522 de
1299 2449 1414 2540 tinne,
1436 2447 1584 2522 sifridus
1596 2449 1761 2523 scultetus
1773 2450 1818 2525 de

412 2575 531 2663 Lutra,
547 2572 652 2646 etalii
667 2571 903 2667 quamplures.

462 2697 505 2770 Ut
521 2706 637 2770 nutem
652 2695 718 2770 hee
730 2696 847 2778 omniu
865 2693 962 2767 firme
978 2705 1013 2768 et
1027 2696 1155 2770 illibata
1171 2708 1409 2794 permaneant,
1436 2699 1558 2793 sigillis
1575 2697 1721 2794 predicti
1737 2700 1818 2796 Spi-

415 2821 524 2909 rensis
536 2820 706 2916 episeopi‚
727 2819 863 2892 abbatis
879 2817 1018 2893 Uterine
1034 2821 1153 2912 vullis,
1181 2834 1297 2895 nostro
1312 2832 1346 2895 et
1357 2822 1488 2896 domini
1501 2825 1542 2894 H.
1561 2822 1605 2897 de
1623 2822 1818 2918 Schsrphe-

414 2944 521 3018 neuke
537 2944 574 3016 iu
590 2943 741 3039 presenti
755 2942 879 3016 uedntu
892 2953 973 3016 sunt
988 2943 1160 3020 roborate.

338 3117 342 3122 .
459 3066 546 3140 Actu
558 3077 640 3140 sunt
656 3067 827 3141 hecunuu
840 3065 1013 3140 dominius
1028 3067 1329 3143 incarnationem
1342 3069 1406 3144 CC·
1419 3069 1581 3144 XXX⁰V⁰
1597 3067 1611 3165 (
1636 3069 1662 3164 ).

1525 3389 1600 3406 Μ

465 3691 668 3798 Heuriuus,
692 3691 953 3776 Romanorum
976 3719 1062 3801 rex,
1087 3703 1221 3776 nutum
1244 3691 1334 3776 fauit
1360 3689 1465 3802 quud
1486 3691 1662 3804 episeopo
1685 3693 1819 3781 Osnu-
1896 3713 1998 3821 ἔξω

412 3822 594 3936 burgensi
615 3825 742 3910 locum
766 3825 1083 3936 argentifodinae
1108 3824 1148 3908 in
1170 3826 1326 3936 praedio
1347 3825 1525 3910 ecclesiae
1542 3825 1644 3936 ejus,
1669 3824 1819 3939 Higgel
1861 3767 1901 3865 of·
1913 3799 2015 3876 '‘¹¹¹¹‘'

414 3969 452 4039 et
474 3955 758 4042 Sterteubrinlre
777 3958 898 4067 dictu,
922 3959 995 4068 ipsi
1020 3969 1060 4042 et
1081 3957 1164 4069 ejus
1189 3959 1471 4043 suecessoribus
1498 3969 1535 4042 et
1561 3959 1740 4045 ecclesiae
1761 3959 1818 4044 ti-

415 4090 495 4174 tulo
520 4091 682 4175 eontulit
706 4091 848 4176 feudali
866 4101 904 4175 et
920 4117 1053 4177 eornm
1080 4093 1271 4202 perpetuis
1289 4091 1424 4176 usibus
1441 4093 1648 4204 deputavit.

493 4317 591 4397 (nnn.
610 4336 659 4398 up.
680 4321 801 4394 Mirm,
819 4317 942 4384 ornain
959 4317 1072 4389 cren,
1097 4327 1126 4381 s·
1138 4335 1208 4399 pers
1220 4319 1358 4395 dueum„
1378 4329 1412 4382 n·
1427 4327 1495 4396 tte,
1514 4319 1654 4398 descript.
1676 4319 1714 4382 ub
1733 4321 1819 4384 lien-

531 4427 618 4490 selur.
632 4443 672 4488 ex
684 4425 892 4507 autographo.)

452 4765 488 4841 (t)
505 4767 588 4825 Deest
599 4767 699 4825 nututiu
709 4767 820 4826 mensis.
837 4765 947 4826 Minime
959 4770 1050 4824 tamen
1066 4764 1242 4823 dubitandum
1261 4769 1320 4822 tum
1338 4779 1372 4824 ex
1385 4763 1487 4823 itineris
1502 4764 1605 4836 ordine,
1618 4771 1676 4822 tum
1691 4781 1724 4823 ex
1741 4783 1818 4842 prse-

414 4863 499 4920 seutiu
514 4865 642 4922 numinum
654 4865 689 4923 de
700 4865 846 4940 [reiningen
859 4870 887 4922 ut
897 4863 1052 4940 sylvestris,
1069 4864 1134 4938 quin
1152 4863 1186 4920 sd
1204 4877 1325 4920 mensem
1347 4862 1471 4921 martium
1491 4869 1634 4922 exeuntem
1652 4861 1703 4922 hoc
1721 4864 1818 4924 instru-

414 4969 534 5020 mentum
547 4962 639 5020 reiern'
653 4963 759 5021 debeat.
