4859 6359
637 759 698 821 aaa
1155 757 1329 818 vsvurcr
1354 758 1522 818 suvrruv
1864 765 1942 848 [arv.
1961 769 2047 830 usas

637 894 734 990 quod
750 897 798 967 nil
814 896 909 991 quod
929 896 1047 968 statuit
1063 916 1127 968 seu
1145 895 1242 990 quod
1261 895 1445 968 clementer
1467 893 1617 968 admittit
1634 897 1680 970 ob
1703 897 1813 970 ullum
1839 901 1874 973 iu
1896 903 2050 976 futurum

639 1030 870 1115 emergentem
892 1041 1009 1093 casum
1037 1020 1119 1092 sinit
1144 1021 1361 1115 aliquatenus
1377 1019 1502 1092 irritari
1521 1021 1577 1093 vel
1594 1029 1706 1115 prater
1723 1023 1865 1096 rationis
1882 1027 2050 1100 tramitem

641 1143 826 1216 immutari.
849 1145 961 1229 Quam
978 1145 1024 1217 ob
1039 1166 1114 1216 rem
1131 1153 1167 1217 at
1192 1165 1257 1216 uos
1273 1143 1310 1214 in
1327 1143 1488 1216 omnibus
1504 1145 1589 1217 actis
1605 1146 1730 1218 uostris
1752 1169 1870 1220 veram
1893 1161 2053 1224 coustan-

640 1269 728 1341 ciam
746 1270 898 1342 volentes
913 1291 988 1342 esse
1008 1269 1186 1360 comitem,
1209 1289 1251 1340 ea
1273 1288 1343 1362 que
1359 1267 1603 1340 rationabiliter
1620 1291 1641 1340 a
1660 1257 1760 1343 uobis
1777 1281 1986 1368 statuuntur,
2008 1297 2052 1349 ne

639 1415 701 1488 per
710 1402 852 1464 tractum
862 1394 1024 1488 temporis
1034 1392 1069 1463 iu
1078 1413 1228 1466 errorem
1242 1389 1474 1494 deducantur,
1482 1391 1669 1466 litterarum
1682 1393 1821 1468 iudiciis
1831 1396 2051 1472 decrevimus

639 1517 832 1611 perennari.
852 1518 1016 1590 Noverint
1043 1517 1148 1611 igitur
1166 1515 1322 1590 universi
1347 1524 1415 1588 tam
1435 1517 1604 1610 presentis
1629 1519 1729 1590 etatis
1750 1541 1856 1612 quam
1885 1521 1921 1592 iu
1946 1543 2052 1594 evum

640 1663 840 1714 successura
857 1642 1066 1736 posteritatis
1077 1641 1236 1714 homines
1254 1639 1351 1734 quod
1368 1661 1433 1712 uos
1451 1662 1472 1712 a
1488 1640 1661 1735 preposito
1684 1651 1718 1714 et
1735 1643 1897 1715 fratribus
1913 1644 2053 1718 vivifice

640 1765 759 1838 Crucis
778 1765 874 1861 apud
897 1765 1089 1858 Augustam
1112 1760 1355 1837 necessitatem
1373 1763 1540 1836 habentes
1565 1763 1748 1838 accredere
1766 1767 1967 1861 pecuniam,
2001 1769 2051 1841 CC

642 1911 775 1962 marcas
791 1890 978 1962 examinati
994 1889 1126 1983 argenti
1149 1888 1245 1982 apud
1268 1888 1362 1982 ipsos
1382 1887 1636 1978 mutuavimus,
1652 1910 1714 1984 pro
1729 1891 1859 1983 quibus
1882 1891 1917 1962 in
1936 1912 2051 1963 annua

644 2013 810 2110 pensione
823 2014 888 2086 XX
897 2014 1002 2085 libras
1011 2012 1242 2106 Augusteusis
1254 2020 1392 2084 monete
1410 2011 1455 2082 de
1470 2008 1739 2084 villicationibus
1750 2014 1877 2086 nostris
1888 2014 2054 2106 Otringen

645 2150 679 2210 et
700 2139 907 2210 Durenlreim
924 2138 1010 2233 ipsis
1026 2138 1277 2230 obligavimus3
1299 2135 1516 2230 indulgentes
1535 2145 1573 2207 ut
1597 2136 1662 2230 ipsi
1681 2159 1756 2210 eam
1773 2137 1974 2232 pensionem
1991 2159 2054 2210 an-

645 2265 777 2336 nuatim
792 2262 935 2359 pacifice
951 2263 1142 2358 percipiant
1158 2260 1362 2356 quoaddum
1377 2248 1440 2334 uos
1457 2261 1513 2333 vel
1530 2261 1675 2334 heredes
1691 2261 1808 2352 nostri,
1824 2263 1853 2334 si
1871 2284 1934 2336 uos
1951 2263 2053 2336 dece·

646 2388 728 2463 dere
741 2388 938 2482 contigerit,
953 2396 1152 2483 pretaxatas
1167 2386 1218 2458 CC
1232 2407 1366 2459 marcas
1382 2385 1467 2481 ipsis
1484 2407 1562 2457 cum
1581 2387 1776 2478 integritate
1794 2387 2052 2482 persolvamus,

568 2559 573 2573 .
645 2523 680 2586 et
697 2513 870 2608 persoluto
885 2513 982 2585 vela
1004 2511 1105 2584 uobis
1129 2512 1185 2583 vel
1212 2510 1257 2582 ab
1282 2509 1471 2583 heredibus
1486 2510 1611 2584 uostris
1630 2510 1712 2605 ipsis
1736 2509 1802 2582 hoo
1822 2524 1981 2604 argento,
2013 2533 2056 2586 ea

646 2638 856 2731 obligatione
873 2645 1046 2725 cessante,
1065 2636 1140 2730 ipsa
1156 2635 1249 2708 bona
1263 2635 1321 2708 vel
1343 2634 1388 2707 ad
1406 2643 1558 2707 nostrum
1585 2635 1642 2706 vel
1667 2633 1836 2708 heredum
1861 2645 2055 2709 nostrorum

646 2763 847 2836 domanium
860 2770 1089 2833 revertentur.
1105 2761 1201 2831 Hauc
1216 2761 1322 2852 igitur
1335 2761 1578 2854 obligationem
1593 2761 1788 2833 memoratis
1800 2761 1963 2834 fratribus
1976 2783 2056 2834 con·

646 2887 835 2978 firmantes,
863 2886 908 2960 de
925 2886 1019 2978 regie
1031 2885 1134 2957 etiarn
1149 2885 1372 2980 benignitatis
1383 2886 1539 2978 largitate
1555 2885 1738 2982 sepedictis
1756 2887 1918 2958 iratribus
1934 2887 2057 2960 indul-

646 3035 768 3108 gemus
782 3023 817 3086 et
833 3009 1056 3085 concedimus
1073 3019 1113 3082 ut
1128 3011 1342 3105 quicumque
1357 3009 1403 3083 de
1417 3009 1697 3093 ministerialibus
1722 3012 1846 3084 uostris
1863 3031 1925 3107 pro
1948 3013 2058 3085 salute

647 3141 705 3212 vel
726 3160 790 3211 sua
807 3137 863 3210 vol
887 3145 1069 3230 parentum
1089 3155 1231 3207 suorum
1246 3133 1389 3206 ecclesie
1410 3132 1550 3206 vivifice
1565 3133 1684 3205 Crucis
1704 3134 1780 3208 sive
1806 3135 1851 3208 de
1870 3135 2057 3208 mobilibus

648 3262 724 3335 sive
738 3260 971 3333 immobilibus
984 3259 1057 3331 suis
1065 3258 1199 3352 aliquid
1212 3260 1368 3330 conferre
1382 3257 1615 3350 decreverint,
1631 3278 1696 3330 uos
1707 3257 1743 3330 id
1753 3268 1889 3352 gratum
1901 3269 2056 3332 stratum

647 3386 815 3458 babentes
832 3384 900 3478 ipsi
918 3383 1060 3455 ecclesie
1073 3381 1169 3476 regia
1197 3382 1399 3455 auctoritate
1417 3380 1670 3454 confirmamus.
1688 3383 1883 3455 statuentes
1905 3392 1939 3455 et
1959 3385 2056 3476 regio

648 3509 802 3582 districto
814 3506 957 3579 tirmiter
972 3506 1199 3601 precipientes
1216 3527 1262 3578 ue
1277 3507 1380 3578 alicui
1399 3506 1444 3580 de
1462 3517 1574 3579 cetero
1589 3527 1735 3602 persone
1758 3509 1985 3581 ecclesiastice
2004 3509 2056 3582 vel

648 3634 806 3721 seculari,
826 3630 1102 3720 altevelbumili,
1121 3629 1210 3703 banc
1223 3641 1337 3704 nostre
1349 3631 1578 3704 concessionis
1585 3630 1735 3704 divalem
1747 3633 1910 3728 pagiuam
1925 3633 2057 3705 licitum

651 3757 695 3830 sit
709 3758 895 3851 iufringere
912 3757 968 3827 vel
984 3756 1016 3827 ei
1033 3755 1150 3848 aliquo
1166 3755 1394 3850 improbitatis
1415 3777 1504 3828 ausu
1526 3757 1706 3829 contraire.
1736 3755 1837 3841 Quod
1861 3758 1922 3850 qui
1945 3758 2057 3830 lacere

650 3880 943 3976 presumpserit,L
956 3879 1061 3951 libras
1071 3881 1145 3952 auri
1157 3881 1345 3953 examinati
1359 3891 1552 3974 componat,
1562 3902 1710 3974 quarum
1720 3881 1886 3954 medietas
1896 3881 2056 3972 iujuriam

650 4007 779 4101 passis,
800 4006 932 4098 reliqua
954 4025 1036 4076 vero
1055 4003 1220 4076 medietas
1245 4025 1379 4076 camere
1404 4013 1518 4076 nostre
1536 4005 1761 4098 persolvatur.
1789 4005 1833 4076 Ut
1859 4014 1974 4075 autem
1994 4005 2058 4076 bec

650 4131 814 4220 obligatio
832 4140 935 4223 atqrm
948 4128 1122 4200 concessio
1136 4129 1341 4200 inconvulsa
1355 4137 1389 4200 et
1402 4127 1611 4200 inviolabilis
1626 4129 1844 4218 observetur,
1866 4139 2058 4222 presentem

651 4257 780 4329 exinde
793 4254 954 4351 paginam
973 4253 1143 4326 conscribi
1156 4255 1323 4346 jussimus
1341 4263 1375 4325 ot
1389 4253 1496 4325 nostri
1511 4253 1614 4346 sigilli
1628 4264 1798 4326 caractere
1813 4253 2031 4324 communiri.

698 4381 808 4471 Huius
824 4379 873 4450 rei
891 4388 995 4450 testes
1008 4387 1090 4450 suut
1110 4405 1118 4448 :
1137 4377 1370 4450 Udescalchus
1388 4377 1617 4471 Augustens'is
1639 4377 1840 4471 episcopus,
1862 4397 1976 4450 comes
1993 4377 2059 4448 Lu-

652 4504 809 4576 dowicus
824 4503 1109 4593 dellellsustein,
1131 4523 1246 4574 comes
1259 4501 1393 4573 Ulricus
1416 4500 1462 4574 da
1483 4503 1607 4593 Berge,
1632 4521 1746 4575 comes
1760 4499 1922 4572 Albartus
1935 4498 1981 4572 de
1995 4501 2059 4571 ni-

652 4628 784 4720 liugeu,
819 4626 1016 4700 Kadelohus
1048 4627 1093 4700 de
1118 4627 1323 4721 Kircbperc,
1357 4625 1562 4698 Bertholdus
1590 4623 1636 4698 de
1665 4625 1782 4717 Niien,
1814 4624 2059 4697 Hiltebraudus

651 4751 885 4824 marscalchus
895 4749 940 4822 de
948 4751 1116 4845 ltebpsro,
1136 4751 1337 4844 Swiggerus
1350 4749 1396 4822 de
1405 4748 1628 4838 Mindslberc,
1641 4747 2056 4844 CuouradusSpauuagel,

650 4885 686 4948 et
702 4876 759 4948 alii
778 4875 1011 4970 quamplures.
