4859 6359
435 805 536 865 lanrcr.
552 801 597 878 9.]
883 797 1081 858 HISTORIA
1106 796 1401 862 mrnotlnrlca
1787 798 1848 860 89¹1

438 937 520 1029 gulo
547 931 706 1023 militari,
738 934 839 1023 cujus
867 931 1027 1024 precibus
1050 953 1120 1004 non
1145 932 1357 1025 prestitimus
1384 943 1468 1005 tnnc
1499 932 1662 1029 temporis
1689 932 1846 1027 comple-

436 1067 610 1145 mentum,
639 1076 678 1127 se
705 1053 936 1148 oportunitate
958 1054 1121 1149 temporis
1149 1055 1382 1129 subtrahente.
1410 1055 1479 1130 Sed
1506 1056 1709 1130 excellentie
1732 1064 1848 1129 nostre

437 1182 548 1274 placat
562 1179 659 1273 quod
675 1177 785 1249 decus
803 1185 863 1247 tue
877 1176 1000 1249 militie
1017 1188 1113 1270 grata
1136 1179 1272 1251 fortuna
1291 1179 1425 1253 distulit
1443 1189 1483 1251 ut
1500 1178 1596 1273 quod
1613 1202 1676 1274 pro
1691 1189 1725 1251 ta
1745 1180 1847 1251 irater

437 1314 521 1373 tuns
545 1300 681 1373 studuit
701 1298 864 1393 precibus
881 1298 1052 1389 obtinere,
1077 1299 1140 1369 tibi
1163 1300 1239 1372 sine
1254 1304 1458 1396 cujusquam
1478 1302 1636 1395 precibus
1655 1302 1799 1375 libenter
1814 1312 1849 1374 et

437 1424 622 1497 liberaliter
639 1420 890 1509 concedamus3
914 1422 1085 1492 ostensuri
1105 1420 1287 1513 magnifice
1307 1425 1459 1497 favorem
1480 1434 1633 1498 nostrum
1650 1433 1685 1497 et
1702 1426 1845 1515 gratiam

436 1567 542 1639 quam
565 1554 708 1638 paterna
728 1550 764 1613 et
786 1553 847 1613 tua
867 1553 1068 1614 meruerunt
1088 1545 1227 1616 servitia
1253 1545 1427 1617 modernis
1447 1548 1671 1641 temporibus.
1700 1548 1846 1643 Suppli-

437 1669 588 1741 cationes
609 1686 694 1739 vero
707 1675 785 1737 tuas
803 1664 1002 1736 audivimus
1015 1686 1103 1757 quas
1117 1687 1180 1760 pro
1193 1668 1253 1739 tali
1265 1679 1379 1741 nostre
1397 1670 1627 1761 magnitudini
1650 1670 1843 1760 destinasti,

437 1800 472 1864 ct
491 1790 673 1865 consilium
696 1798 732 1861 et
746 1789 915 1880 juvamen
934 1797 1089 1859 nostrum
1111 1790 1158 1862 ad
1177 1790 1214 1861 id
1238 1792 1494 1885 interponemus
1510 1794 1655 1865 libenter
1675 1794 1764 1865 utin
1782 1792 1848 1866 hoc

438 1914 596 1988 affectum
616 1913 665 1984 tui
684 1912 849 1986 desiderii
863 1913 1097 2005 consequaris.
1128 1913 1275 1987 Studeas
1300 1916 1405 2008 igitur
1428 1918 1464 1987 in
1483 1918 1632 1989 servitiis
1647 1918 1784 2007 nostris,
1802 1916 1848 1990 de

438 2039 530 2111 bono
561 2038 599 2108 in
621 2036 745 2109 melius
769 2035 816 2107 ad
839 2034 1065 2108 devocionem
1092 2046 1128 2108 et
1164 2035 1268 2109 fidem
1296 2040 1382 2111 alios
1405 2040 1605 2129 allecturus,
1636 2049 1672 2112 et
1702 2062 1782 2111 cum
1811 2042 1845 2111 in

438 2159 677 2233 lombardiam
702 2158 844 2231 feliciter
870 2159 974 2231 dante
992 2159 1138 2231 Domino
1165 2161 1366 2250 veniemus,
1394 2161 1540 2233 devotus
1570 2172 1605 2235 et
1634 2162 1761 2257 hylaris
1788 2184 1848 2236 as-

439 2282 597 2379 pectibus
618 2283 743 2355 nostris
768 2304 928 2355 occurras
937 2334 948 2374 ,
978 2291 1015 2353 ut
1032 2282 1227 2357 devotionis
1243 2295 1301 2357 tue
1316 2285 1491 2379 integritas
1510 2286 1715 2359 continuatis
1732 2307 1847 2360 coram

440 2406 541 2479 nobis
556 2407 680 2478 clareat
695 2404 925 2478 incrementis.

667 2712 990 2724 -————-=u

494 2976 720 3079 Fridericus,
741 2978 1001 3059 Romanorum
1019 2974 1239 3085 imperator,
1260 2972 1435 3083 episcopo
1448 2972 1662 3057 Brixinensi
1679 2975 1719 3056 in
1737 2976 1798 3085 cuj
1804 3002 1848 3059 us
1876 3003 2054 3114 affinga

441 3122 543 3193 terra
569 3121 723 3219 propter
748 3108 1046 3193 imbecillitatem
1073 3106 1156 3217 ejus
1182 3106 1331 3214 justitia
1364 3107 1491 3215 vigere
1518 3106 1646 3210 desiit,
1676 3109 1850 3191 concedit
1919 3116 2019 3165 nmo.

443 3251 487 3325 ut
503 3241 649 3351 regalia
677 3240 856 3323 ecclesiae
874 3241 912 3321 in
937 3240 1018 3322 suis
1039 3239 1218 3323 manibus
1244 3238 1410 3347 resignet
1436 3262 1535 3347 quae
1560 3239 1641 3348 ipse
1666 3241 1849 3323 custodiri

442 3383 480 3457 et
504 3374 701 3483 procurari
731 3373 863 3475 faciet,
893 3372 1127 3481 quibusdam
1158 3397 1229 3481 pro
1256 3370 1528 3454 sustentatione
1553 3373 1652 3455 uitae
1678 3371 1849 3482 ejusdem

443 3505 607 3615 episcopi
624 3506 824 3589 reservatis
841 3504 1039 3588 reditibus.

524 3737 629 3811 (Fdld.
652 3753 693 3797 nn
717 3737 888 3815 Horma,
909 3736 1052 3817 Beytch
1071 3751 1129 3795 aar
1150 3730 1310 3795 cadolo
1327 3730 1437 3809 Tirclr,
1457 3733 1530 3796 God.
1545 3733 1660 3809 probat.
1685 3735 1848 3813 diplomat,

562 3859 593 3920 p.
611 3851 680 3913 ³21,
695 3851 731 3901 n⁰
742 3841 931 3904 CXXXVIII.
946 3841 993 3901 Ex
1016 3841 1132 3901 mendis
1149 3841 1259 3918 quibam
1271 3840 1327 3899 hoc
1341 3838 1543 3917 apographum
1561 3845 1670 3915 scaoet,
1690 3844 1847 3903 crassiores

562 3945 807 4025 emendavimus.)

491 4144 704 4235 Fridericus,
722 4145 785 4218 Dei
807 4145 917 4239 gratia
939 4144 1170 4217 Romanorum
1191 4142 1375 4236 imperator
1396 4162 1533 4237 semper
1548 4152 1732 4236 augustus,
1751 4146 1848 4217 iern-

444 4268 551 4341 salem
569 4278 604 4342 et
618 4269 734 4342 Sicilie
749 4290 826 4342 rex.
844 4270 909 4342 Per
924 4289 1065 4364 presens
1082 4268 1246 4361 scriptum
1267 4274 1387 4337 nolum
1407 4264 1552 4337 facimus
1568 4265 1737 4338 universis
1753 4270 1848 4361 quod

445 4414 524 4464 cum
551 4415 614 4488 per
630 4403 757 4465 terram
781 4392 897 4465 dilecti
920 4391 1083 4486 principis
1105 4391 1212 4462 nostri
1236 4387 1442 4461 venerabilis
1462 4388 1675 4461 Brixinensis
1698 4390 1848 4487 episcopi

446 4517 623 4589 transitum
640 4519 846 4608 faceremus,
872 4538 952 4589 cum
974 4516 1156 4588 victorioso
1182 4514 1335 4588 exercitu
1359 4522 1475 4586 nostro
1497 4513 1534 4584 in
1556 4512 1688 4587 ltaliam
1711 4537 1850 4609 proces·

446 4639 535 4730 suri,
553 4648 588 4712 et
612 4661 718 4733 qnam
748 4642 934 4735 plurimum
958 4640 1124 4713 clamores
1150 4647 1186 4709 et
1216 4637 1430 4731 querimonis
1460 4646 1609 4711 nostram
1636 4637 1848 4715 audientiam

446 4763 685 4855 propulsarent
701 4763 798 4856 quod
814 4764 932 4835 multis
948 4762 1082 4835 damnis
1100 4770 1135 4835 et
1153 4760 1435 4857 oppressionibus
1454 4759 1672 4855 subjacerent
1688 4782 1752 4836 nec
1767 4764 1849 4856 jus-

446 4884 555 4956 titiam
573 4887 740 4981 consequi
753 4897 911 4982 poterant
930 4908 996 4959 nec
1010 4886 1151 4979 habere,
1169 4906 1248 4957 cnm
1267 4882 1422 4979 undique
1437 4885 1670 4960 malefactores
1682 4888 1851 4964 irruerent

526 5006 581 5071 lv.
601 5022 692 5068 Pura
1641 5020 1695 5072 tlt
