4859 6359
428 827 529 888 lautus.
544 823 590 905 9.]
883 820 1080 884 HISTORIA
1104 816 1398 882 ulanouaulcl.
1775 813 1836 878 835

429 958 702 1033 llatisoonansis.
713 997 764 1012 -
775 956 920 1050 Signum
934 956 1065 1032 domini
1079 955 1242 1030 Fridarici
1256 955 1487 1028 Romanorum
1499 950 1592 1045 regis
1602 949 1831 1022 invictissimi.

430 1123 478 1138 -
495 1084 569 1178 Ego
586 1081 760 1157 Arnoldus
778 1081 1003 1154 cancellarius
1020 1079 1218 1174 recognovi.
1238 1119 1282 1133 -
1304 1080 1389 1150 Data
1405 1075 1573 1164 Bisnntis,
1593 1075 1656 1148 XV
1670 1073 1838 1148 kalendas

430 1207 556 1292 martii,
577 1227 669 1306 anno
686 1205 859 1279 dominice
877 1204 1119 1278 incarnationis
1135 1203 1278 1293 MCLIll,
1296 1199 1482 1274 indictione
1495 1199 1571 1290 XV,
1590 1206 1756 1294 regnante
1771 1197 1834 1272 do·

430 1330 524 1402 mino
540 1329 714 1403 Friderioo
731 1330 961 1402 Romanorum
978 1349 1060 1422 rege
1078 1329 1247 1419 glorioso,
1267 1347 1359 1399 anno
1376 1345 1460 1398 veru
1475 1324 1572 1418 regui
1589 1324 1666 1416 ejus
1682 1323 1806 1418 primo.

480 1499 1708 1524 ...............................
1734 1446 1778 1520 El
1794 1455 1835 1518 nl

430 1575 494 1649 heo
510 1575 687 1648 innovatio
708 1574 813 1648 robur
831 1572 1000 1648 firmitatis
1017 1575 1169 1648 obtineat
1184 1575 1222 1647 in
1237 1545 1441 1670 perpetuum
1456 1572 1665 1662 valiturum,
1693 1591 1834 1666 presens

431 1698 650 1794 privilegium
673 1697 747 1770 lieri
770 1707 806 1770 et
829 1697 924 1770 bulla
941 1718 1046 1770 aurea
1063 1697 1199 1794 typario
1222 1709 1338 1770 nostro
1354 1696 1543 1789 majestatis
1567 1695 1733 1791 impressa
1753 1696 1835 1786 J'ns-

431 1821 540 1895 simns
558 1821 729 1916 insigniri.

480 1947 591 2037 Huius
616 1945 666 2020 rei
692 1953 794 2020 testas
819 1955 926 2019 suut:
948 1944 1096 2018 Silridns
1120 1947 1343 2039 llaguntinus
1368 1946 1662 2041 archiepiscopus,
1689 1942 1838 2018 Sitridns

433 2070 689 2166 llatisponensis
710 2069 894 2166 episcopus
924 2071 1109 2166 imperialis
1135 2072 1215 2145 aule
1241 2071 1482 2159 cancellarius,
1507 2068 1710 2164 lluedgorns
1736 2069 1837 2142 Pala·

432 2194 562 2268 vieusis
587 2195 788 2290 episcopus,
814 2193 993 2268 Conradus
1012 2194 1183 2290 Spirensis
1211 2195 1415 2290 episeopus,
1434 2195 1653 2268 Hermauuus
1677 2192 1839 2286 magister

434 2316 562 2392 domus
590 2317 854 2392 Teutonioornm
877 2318 915 2390 in
936 2319 1141 2408 Jerusalem,
1164 2319 1276 2414 llaspo
1301 2317 1527 2414 landgravius
1548 2315 1727 2412 Turingie‚
1750 2316 1840 2390 ner·

433 2463 582 2514 mannus
597 2441 811 2536 margravins
828 2441 874 2515 de
888 2442 1022 2532 Baden,
1041 2441 1246 2516 Chonradus
1262 2443 1470 2538 burgravius
1482 2440 1528 2516 de
1542 2439 1788 2516 Nuromherclr.

483 2563 629 2658 Signum
647 2563 780 2638 domini
796 2563 959 2638 Friderici
976 2565 1134 2656 secundi,
1156 2566 1219 2639 Dei
1237 2567 1348 2658 gratia
1370 2568 1600 2640 Romanorum
1625 2565 1841 2660 imperatoris

433 2705 570 2782 semper
585 2688 741 2780 augusti,
761 2687 973 2762 lhurusalenn
988 2697 1023 2761 et
1034 2688 1150 2762 Sicilie
1164 2691 1256 2785 rogis
1271 2691 1520 2785 gloriosissimi.

483 2807 558 2903 Ego
575 2807 722 2882 Silridus
737 2809 992 2906 Ratisponausis
1007 2801 1190 2908 episcopus
1205 2813 1392 2909 imperialis
1413 2813 1491 2888 auls
1507 2811 1746 2898 cancellarius,
1763 2811 1841 2884 vioe

434 2932 566 3006 domini
582 2934 774 3027 llaguntini
792 2934 829 3005 in
847 2933 1030 3008 Germania
1042 2936 1350 3026 archicancellarii,
1370 2937 1569 3031 recognovi.

484 3055 571 3130 Actu
601 3065 683 3130 sunt
712 3057 777 3131 hec
807 3079 901 3132 anno
926 3058 1099 3134 dominice
1127 3062 1373 3142 incarnationis
1397 3062 1445 3134 ll.
1459 3062 1521 3136 CC.
1535 3060 1696 3152 XXXVI,
1725 3079 1843 3133 meuse

436 3180 570 3275 aprilis,
597 3180 787 3256 indictione
803 3182 867 3273 IX,
888 3183 1078 3280 imperante
1105 3185 1246 3260 domino
1267 3195 1384 3259 nostro
1400 3185 1573 3260 Friderioo
1590 3187 1638 3277 ll,
1665 3207 1757 3259 anno
1776 3186 1843 3257 im·

440 3302 526 3398 perii
542 3305 618 3396 ejus
635 3305 740 3397 XVll,
762 3305 860 3400 ragni
874 3307 1061 3380 Jerusalem
1074 3309 1135 3399 Xl,
1151 3310 1247 3404 regui
1266 3329 1351 3382 vero
1366 3309 1483 3382 Sicilie
1499 3309 1671 3402 XXXVll,
1687 3308 1841 3382 feliciter.

435 3424 558 3500 Arnen.

485 3551 610 3624 Datum
628 3549 724 3646 apud
739 3552 883 3648 Spirarn.

662 3909 1623 3931 -m——m

492 4233 724 4346 Fridericus,
751 4239 1012 4328 Romanorum
1038 4247 1263 4358 imperator,
1287 4247 1338 4330 ad
1359 4249 1554 4358 querelam
1575 4251 1776 4335 hominum
1797 4255 1845 4338 de
1909 4287 1996 4384 ὦ

440 4365 693 4474 Supremonle
711 4372 778 4482 qni
793 4374 842 4458 ab
856 4375 1055 4488 Aldrigelo
1071 4381 1247 4490 episcopo
1260 4381 1479 4464 Tridentino
1495 4382 1843 4490 etgastaldiouibus
1924 4393 1938 4425 ¹
1982 4354 2009 4426 ¹·'

439 4495 522 4606 ejus
548 4503 807 4590 exactionibus
833 4509 1011 4594 indebilis
1032 4513 1291 4622 gravabantur
1314 4523 1354 4596 et
1372 4524 1525 4623 propter
1551 4514 1778 4602 solutionem
1803 4520 1844 4602 in

440 4653 590 4715 cauere
605 4639 789 4744 usquead
806 4651 968 4726 mortem
982 4643 1260 4756 affligebantur,
1281 4648 1554 4756 quaerationes
1570 4650 1846 4738 moderataeab

439 4761 582 4846 eisdem
605 4766 827 4856 hominibus
845 4785 882 4859 et
899 4775 949 4860 ab
967 4777 1052 4859 aliis
1068 4777 1169 4862 villis
1186 4777 1328 4863 ibidem
1345 4779 1550 4864 nominatis
1563 4781 1742 4869 ocdesiae
1757 4783 1847 4869 Tri·

440 4893 618 4982 dontinus
641 4900 845 4989 solvendae
862 4909 957 5016 sint,
977 4908 1128 4994 diffinit.
