4859 6359
393 719 490 780 mmm.
506 715 550 800 St]
834 715 1035 778 HISTORIA
1059 715 1352 779 nrrtouarlclt
1739 719 1799 780 toa

391 851 488 946 quod
505 852 589 926 etati
605 871 669 923 suc
684 871 828 946 parcere
840 851 1009 926 vellemus
1022 862 1057 926 et
1069 851 1171 947 quod
1184 853 1335 946 aliquem
1346 851 1524 942 honorem,
1537 860 1576 922 nt
1593 850 1728 944 dejure
1744 863 1795 928 ta·

393 995 547 1064 cccmus,
568 975 606 1048 iu
625 974 806 1048 advocatia
820 977 954 1072 prelata
975 977 1008 1050 ei
1026 973 1100 1075 [de]
1115 977 1345 1052 confratibus
1361 975 1486 1048 uostris
1502 976 1617 1048 Sancti
1635 977 1799 1052 Iohannis

392 1117 732 1192 recognosceremus,
761 1098 925 1174 videlicet
946 1100 1043 1195 quod
1057 1103 1178 1176 saltem
1193 1100 1327 1175 nudum
1354 1099 1534 1174 servitium
1559 1099 1736 1174 advocatis
1752 1103 1797 1175 ab

393 1222 536 1317 antiquo
551 1223 597 1297 ad
623 1222 788 1296 bonorem
811 1231 847 1295 et
868 1220 1040 1298 modcem
1066 1244 1256 1320 expensam
1269 1224 1511 1314 coustitutum,
1537 1223 1570 1296 ci
1597 1227 1691 1296 omui
1706 1247 1798 1302 auno

391 1345 681 1440 relinqueremus,
699 1356 737 1420 et
749 1347 781 1419 si
802 1347 879 1443 ipse
905 1347 952 1421 ds
972 1357 1086 1422 cetero
1106 1345 1327 1420 vel-heredes
1347 1347 1404 1420 vel
1424 1347 1550 1442 posteri
1571 1349 1625 1420 sui
1652 1351 1797 1425 eandem

393 1468 613 1543 advocatiam
624 1469 785 1566 adepturi
799 1493 906 1567 supra
922 1471 989 1546 bue
1002 1480 1169 1545 statutum
1188 1471 1322 1565 aliquid
1339 1470 1518 1566 exigerent
1533 1471 1590 1545 vel
1608 1471 1798 1569 dampnum

394 1593 524 1666 colonis
549 1593 730 1678 inferrent,
756 1593 976 1670 advocatiam
992 1595 1069 1668 sine
1085 1595 1181 1668 omni
1195 1595 1454 1690 recuperatione
1474 1593 1669 1689 perderent.
1699 1597 1799 1669 Com·

393 1716 491 1788 muni
507 1715 625 1811 itaque
639 1717 785 1791 conulio
802 1718 948 1792 ecclesie
961 1727 1076 1792 noste
1092 1729 1127 1792 ct
1143 1718 1364 1792 couoessioue
1380 1719 1521 1790 fratrum
1535 1720 1650 1792 Sancti
1667 1721 1801 1795 lohan-

393 1841 446 1911 uis
459 1847 496 1912 et
511 1861 575 1936 pro
593 1841 756 1937 precibus
776 1851 813 1915 et
825 1842 998 1939 peticione
1015 1840 1332 1917 inbeneficiatorum
1356 1851 1391 1914 et
1406 1842 1714 1916 ministerialiorum
1730 1843 1800 1944 (sr'c)

392 1971 604 2056 nostrorum,
622 1964 806 2039 statuimus
820 1965 918 2062 quod
939 1968 1073 2062 prelato
1088 1966 1316 2060 Regeubardo
1333 1987 1395 2040 sex
1411 1966 1537 2038 talanta
1560 1965 1605 2040 de
1627 1971 1800 2063 preposito

392 2087 507 2160 Sancti
518 2088 683 2162 lobannis
697 2091 754 2163 vel
767 2091 845 2184 ejus
860 2089 1095 2187 dispensatore
1105 2113 1170 2186 pro
1180 2090 1320 2164 servitio
1337 2112 1405 2163 suo
1416 2089 1512 2162 nudo
1530 2091 1596 2162 sibi
1607 2092 1725 2164 relicto
1737 2091 1799 2168 da·

393 2221 530 2307 rentur,
550 2212 598 2286 ita
612 2211 776 2286 videlicet
791 2214 888 2308 quod
906 2214 942 2286 iu
956 2233 1168 2309 unoquoque
1183 2214 1308 2309 placito
1323 2233 1387 2287 suo
1404 2213 1474 2286 duo
1489 2214 1616 2288 talenta
1633 2215 1800 2310 reciperet

393 2345 428 2406 et
440 2345 513 2408 tres
530 2335 684 2410 kartam
701 2338 893 2432 lignorum,
911 2358 1019 2410 unam
1030 2336 1075 2411 de
1089 2335 1199 2410 aridis
1216 2345 1253 2409 et
1272 2337 1361 2410 duas
1379 2336 1425 2411 de
1441 2336 1628 2429 viridibus,
1653 2348 1686 2411 et
1704 2339 1800 2433 quod

393 2465 460 2532 tres
474 2459 620 2532 culcitra
633 2469 669 2532 et
681 2460 755 2534 duo
766 2460 963 2556 pulvinaria
976 2480 1040 2556 per
1054 2460 1210 2533 triduum
1222 2458 1289 2532 sibi
1301 2459 1654 2534 accommodarentur.
1668 2463 1705 2534 Si
1718 2462 1798 2555 quis

394 2581 498 2676 igitur
516 2581 584 2656 hoc
600 2593 765 2656 statutum
783 2587 822 2656 iu
842 2595 1020 2682 posterum
1036 2585 1222 2678 infringere
1245 2584 1302 2657 rel
1331 2581 1505 2656 infirmare
1532 2587 1798 2680 presumpserit,

395 2709 594 2782 auctoritate
607 2709 699 2782 beati
709 2709 802 2783 Petri
816 2717 852 2783 et
867 2717 985 2783 uosba
995 2717 1161 2806 perpetuo
1172 2707 1382 2783 anathemati
1397 2708 1573 2800 subjaceat
1584 2718 1618 2782 et
1630 2710 1800 2791 visionem

394 2851 475 2904 vere
490 2842 526 2906 et
541 2843 657 2908 eterne
667 2835 768 2924 lucis,
782 2834 851 2908 uisi
863 2833 932 2907 cito
948 2833 1141 2929 resipiscat,
1161 2832 1306 2906 amittat.
1322 2832 1365 2904 Ut
1381 2840 1497 2904 autem
1515 2853 1656 2927 presens
1673 2833 1801 2929 pagina

396 2953 647 3029 firmamentum
671 2967 707 3030 et
732 2958 968 3032 auctoritatem
995 2957 1142 3032 anobis
1168 2957 1264 3053 apud
1291 2977 1412 3030 omnes
1432 2977 1646 3028 successores
1670 2966 1802 3030 nostros

395 3080 561 3173 optineat,
578 3103 656 3155 eam
667 3082 892 3179 impressione
905 3082 1009 3178 sigilli
1025 3082 1133 3156 nostri
1146 3081 1363 3174 signavimus
1376 3087 1411 3152 et
1427 3079 1459 3151 ei
1478 3088 1681 3175 perpetuum
1698 3081 1803 3152 robur

397 3203 616 3279 multitudine
630 3206 768 3278 testium
780 3207 1046 3302 prescriptorum
1062 3203 1238 3278 dedimus.

442 3328 592 3402 »Testes
608 3338 682 3403 acte
696 3330 746 3402 rei
763 3330 829 3404 viri
842 3329 1037 3425 probabiles
1048 3329 1098 3399 hii
1111 3339 1194 3401 sunt
1212 3354 1222 3397 a
1241 3329 1319 3399 Otto
1333 3325 1540 3422 prepositus,
1552 3327 1666 3397 Bru...
1682 3347 1803 3421 propo·

394 3449 498 3539 situs,
516 3451 709 3546 sigefridus
724 3451 935 3547 prepositus,
953 3449 1131 3524 Corradus
1149 3450 1360 3546 prepositae,
1388 3447 1483 3522 Babo
1499 3448 1670 3537 decanus,
1687 3450 1802 3521 Hum-

395 3575 655 3665 bretdecauus,
671 3576 888 3650 Wortwiuus
902 3575 1075 3666 decanus,
1094 3559 1338 3666 Gebehardus,
1351 3573 1590 3666 ‘Bereugerua
1610 3573 1798 3664 Swibudo,

394 3699 583 3791 Wortwiu,
609 3697 771 3791 Marbolt,
797 3701 1172 3793 Wiuaut,·Berenger,
1198 3696 1401 3786 Embricbo‚
1425 3696 1613 3790 Adelbero,
1641 3695 1797 3788 Adelrat,

394 3824 564 3914 Dietmar;
594 3823 710 3913 liberi,
735 3823 903 3899 Godebolt
926 3845 1043 3898 comes
1067 3833 1102 3897 et
1119 3822 1182 3894 filii
1199 3824 1294 3915 ejus,
1316 3821 1454 3918 Boppo,
1471 3822 1652 3918 ltuoprcit,
1673 3822 1802 3894 Erken·

395 3945 498 4038 broit,
517 3947 679 4038 Gozwin,
700 3948 798 4040 Otto,
820 3949 960 4039 munt,
976 3947 1137 4021 Gerwich
1150 3945 1343 4019 Burlrartet
1365 3947 1487 4018 fratres
1502 3947 1594 4038 ejus,
1619 3945 1798 4034 Heinrich,

394 4071 555 4164 Burkart,
571 4074 713 4163 Conrat;
728 4073 985 4164 ministeriales,
1003 4073 1167 4168 Eispreit,
1182 4073 1319 4167 Luppcr
1334 4071 1506 4166 (Lupert),
1523 4066 1748 4167 Ebcr[hard],
1766 4078 1801 4142 et

395 4191 450 4263 alii
468 4193 702 4287 quamplures.

446 4313 561 4390 »Acta
579 4313 752 4390 dominice
767 4315 1011 4390 incarnationis
1031 4338 1124 4390 anno
1141 4315 1189 4389 M·
1208 4315 1249 4388 C⁰
1264 4315 1387 4408 XXX⁰,
1406 4315 1594 4390 indictione
1609 4313 1703 4404 v111,
1723 4335 1800 4406 reg-

397 4449 496 4514 nante
512 4440 661 4533 glorioso
678 4441 910 4514 Romanorum
933 4461 1016 4536 rege
1034 4440 1236 4532 luothario,
1257 4461 1349 4512 anno
1371 4441 1468 4535 regui
1484 4440 1593 4534 ipsius
1606 4441 1666 4532 V⁰,
1690 4439 1801 4511 Goda-

397 4561 497 4637 boido
508 4564 680 4637 existente
689 4565 823 4636 urbano
835 4565 977 4638 comite.
998 4588 1018 4634 n

442 4687 572 4759 Terrore
584 4709 667 4782 ergo
687 4687 797 4782 ipsius
810 4687 985 4783 privilegii
1001 4687 1140 4783 plenius
1150 4687 1333 4780 intellecto,
1351 4686 1496 4760 dilectus
1511 4686 1610 4759 nobis
1632 4687 1801 4786 Theg[eu·

400 4805 542 4905 bardus]
558 4810 835 4906 prothonotarius
850 4821 966 4886 noster
976 4821 1013 4884 el
1029 4813 1225 4908 prepositus
1243 4811 1353 4907 ipsius
1365 4809 1507 4884 ecclesie
1523 4831 1592 4884 una
1605 4833 1685 4884 cum
1707 4816 1802 4909 capi·
