4859 6359
383 795 483 857 lunser.
498 791 545 871 a]
833 786 1033 852 HISTORIA
1059 783 1353 850 nlruotttt'rtctt.
1740 781 1797 846 791

384 925 576 1002 reumata
599 932 636 998 et
654 921 836 998 dimittetis
855 921 970 997 mdem
990 921 1139 1021 principi
1159 929 1276 994 nostro
1297 940 1364 995 noc
1382 919 1535 1014 aliquam
1555 917 1589 992 ei
1608 937 1715 1012 super
1730 916 1799 990 hiis

385 1049 577 1126 molestiam
604 1045 772 1140 inieratis,
795 1055 836 1118 nt
860 1045 1079 1121 devotionem
1096 1055 1248 1120 vestram
1272 1065 1336 1140 pm
1351 1042 1483 1116 meritis
1500 1041 1794 1116 commendemus.

433 1176 561 1248 Datum
574 1171 672 1270 apud
685 1170 899 1265 Augustam,
914 1171 1038 1246 ultimo
1051 1170 1219 1262 octobris,
1235 1191 1328 1242 nona
1339 1168 1538 1243 indictione.

439 1725 552 1834 Otto,
572 1751 700 1812 eomas
716 1725 908 1838 palatinus
924 1725 1019 1812 Rani
1045 1736 1084 1812 et
1109 1727 1190 1812 dux
1206 1725 1404 1834 Bormiae,
1422 1727 1463 1810 in
1480 1723 1694 1837 praesentia
1710 1719 1799 1811 Fri-

384 1858 502 1942 derici
524 1859 786 1944 Romanorum
807 1861 1046 1970 imperatoris
1068 1885 1157 1943 oum
1175 1859 1337 1944 Henricc
1359 1859 1497 1944 abbata
1516 1861 1565 1943 dc
1589 1860 1800 1970 tegernsee

386 1989 522 2077 diuidit
546 1992 588 2076 in
623 1993 878 2080 matrimoniis
904 1992 1107 2076 conuectis
1135 2003 1202 2076 aut
1227 1991 1495 2077 contrahendis
1520 1992 1619 2076 inter
1645 2015 1736 2075 suos
1761 2001 1799 2074 et

384 2122 557 2234 ejusdem
602 2125 783 2210 ecclesiae
830 2125 1121 2233 ministeriales,
1159 2125 1257 2208 sicut
1299 2124 1523 2211 Ludeun‘ous
1561 2135 1670 2234 pater
1704 2149 1798 2208 suus

385 2255 425 2339 id
441 2257 639 2368 quondum
656 2258 958 2344 confirmaverat.

464 2471 560 2548 (uult.
575 2487 626 2552 ap.
638 2471 770 2536 Mecum.
785 2469 864 2534 aaa.
873 2513 884 2548 ,
901 2477 973 2533 tom.
988 2469 1044 2548 vl,
1059 2488 1090 2552 p.
1106 2479 1177 2546 2⁰8,
1191 2473 1268 2534 luter
1280 2471 1415 2534 llonum.
1428 2471 1583 2553 Tagems.)

431 2657 472 2733 lu
486 2658 626 2734 nomine
640 2667 759 2734 sancte
773 2667 810 2732 et
826 2655 1012 2734 individue
1034 2658 1220 2732 Trinitatis.
1239 2657 1331 2750 Otto,
1348 2658 1412 2732 Dei
1433 2659 1545 2752 matio
1568 2679 1684 2733 comes
1699 2659 1797 2755 pala·

384 2777 479 2856 linus
499 2781 611 2858 Rheni
639 2790 675 2857 et
691 2781 769 2858 dux
793 2783 967 2860 Bawarin
992 2781 1156 2858 Firmiora
1180 2791 1263 2856 sunt
1283 2782 1447 2855 universa
1470 2802 1541 2880 que
1565 2791 1735 2878 geruntur
1760 2793 1798 2859 et

384 2904 479 2979 nulla
494 2913 640 3002 possunt
656 2905 855 3002 calumpnia
876 2906 1090 3002 perturbari,
1110 2903 1141 2979 si
1157 2905 1313 3002 vigorem
1337 2905 1480 2978 trahunt
1506 2907 1554 2980 ab
1576 2906 1796 2981 annotatione

383 3029 523 3104 testium
543 3038 579 3104 et
596 3031 757 3104 roborato
779 3030 975 3104 testimonio
996 3030 1199 3105 litterarum.
1229 3030 1421 3123 Cognoscat
1445 3050 1528 3125 ergo
1554 3051 1697 3126 presens
1721 3037 1796 3103 ctas

383 3159 420 3225 et
439 3153 551 3228 sciant
574 3155 702 3250 posteri
725 3152 821 3250 quod
847 3175 915 3249 ego
941 3153 1020 3228 Otto
1041 3175 1156 3227 comes
1176 3152 1350 3250 palatinus
1372 3153 1460 3226 lleni
1484 3162 1519 3228 ct
1537 3152 1615 3227 dux
1636 3153 1796 3230 Bawarie

380 3277 485 3368 juxta
515 3277 770 3353 conniventiam
792 3285 828 3352 et
856 3277 1057 3374 petitionem
1079 3275 1195 3350 dilecti
1226 3276 1328 3350 nobis
1350 3277 1503 3350 Heinrici
1524 3277 1660 3351 abbatis
1687 3298 1794 3352 vene·

383 3398 502 3474 rabilis
523 3399 569 3475 de
595 3403 767 3498 Tegemse
798 3400 924 3497 suique
954 3408 1146 3474 conventus
1172 3407 1207 3473 et
1236 3398 1528 3494 ministerialium,
1558 3409 1699 3496 pactum
1728 3400 1797 3475 talo

383 3521 550 3602 inivimus
577 3541 658 3600 cnm
675 3523 802 3600 abbate
817 3524 914 3622 ipso,
933 3531 968 3597 ct
987 3523 1160 3614 manuele,
1187 3521 1320 3598 domini
1342 3524 1451 3600 nostri
1473 3525 1707 3602 Romanorum
1726 3526 1796 3600 im-

381 3647 549 3746 peratoris
574 3645 740 3724 Friderici
770 3647 995 3740 auctoritate,
1020 3647 1126 3724 ambo
1158 3646 1262 3720 simm
1287 3647 1535 3722 inviolabiliter
1560 3649 1600 3722 in
1624 3651 1795 3746 presentia

382 3770 578 3872 principum
594 3769 870 3872 smsoiptcmm
886 3770 1041 3846 roborari
1061 3766 1265 3868 [lecimus],
1282 3770 1379 3870 quod
1395 3772 1433 3845 in
1457 3773 1685 3848 matrimoniis
1702 3794 1794 3850 oon-

383 3894 500 3972 tractis
518 3904 556 3970 et
577 3895 614 3970 in
637 3895 754 3972 tuturo
780 3894 1026 3970 contrahendis
1048 3896 1137 3970 inter
1159 3905 1294 3971 nostros
1318 3906 1353 3972 et
1375 3895 1549 3972 antedicto
1565 3897 1710 3973 emissio
1728 3898 1793 3972 mi·

383 4015 573 4094 nisterialos
595 4019 759 4116 utrinque
779 4017 1003 4111 dividentem
1022 4018 1118 4116 quod
1135 4021 1239 4094 etiam
1256 4020 1315 4118 pie
1337 4021 1585 4096 recordationis
1606 4022 1794 4100 Ludwicm

381 4150 620 4238 paternoster
642 4143 807 4242 equidem
831 4142 974 4219 firmiter
1002 4143 1276 4220 confirmaverat.
1308 4146 1353 4220 Ut
1380 4154 1498 4219 autem
1525 4168 1583 4220 res
1613 4147 1681 4220 ista
1708 4149 1793 4221 toret

380 4263 536 4340 stabssior
554 4275 589 4340 et
608 4267 647 4340 in
673 4277 765 4341 statu
790 4267 954 4341 incolumi
979 4290 1116 4364 semper
1142 4277 1377 4358 conservetur,
1404 4267 1544 4341 nomina
1570 4268 1707 4342 testium
1731 4271 1791 4365 qui

381 4389 1044 4489 pruaeutesetlmantleoimusexpresse
1056 4389 1587 4489 subnotari,pcginamipsorum
1599 4400 1791 4468 nostrorum

381 4513 578 4589 munientes
590 4513 821 4590 firmamento.

430 4637 549 4712 Testes
573 4645 655 4712 sunt
682 4665 693 4712 ε
718 4637 941 4714 Eberhardus
966 4638 1226 4734 Salzburgensis
1254 4640 1551 4738 archiepiscopus,
1579 4639 1794 4718 Elkebcrtus

381 4758 680 4858 Babeuhergeusis
703 4765 906 4862 opiscopus,
935 4762 1141 4838 counradus
1163 4763 1390 4857 Frisingensis
1415 4765 1621 4862 episcopus,
1645 4767 1794 4844 Silridus

384 4880 572 4980 imperialis
597 4887 676 4961 anle
700 4889 925 4962 cancellarius
950 4897 986 4961 et
1013 4888 1269 4984 Ratisponensis
1294 4888 1437 4963 ccclesia
1460 4889 1660 4987 episcopus,
1681 4891 1795 4966 audi·

1854 1743 1947 1837 ΛΑΜ

1858 1801 1976 1904 [iffi
