4859 6359
590 769 650 829 'it-t
1089 763 1302 826 saterrici
1326 764 1499 828 SECUNDI
1808 767 1888 848 [Ars.
1907 769 1993 832 1235.

589 899 800 992 statuendos,
815 897 1074 972 inordinatione
1089 907 1282 972 castrorum
1295 908 1332 974 et
1342 899 1553 990 officialium,
1560 899 1781 996 perceptione
1796 900 1997 976 reddituum

592 1035 626 1098 et
654 1023 807 1097 omnium
836 1023 983 1095 aliorum
1004 1021 1134 1115 jurium
1152 1043 1223 1118 qne
1246 1021 1282 1095 in
1306 1022 1384 1120 ipso
1404 1041 1512 1118 regno
1533 1020 1581 1096 ad
1601 1041 1719 1117 regem
1740 1021 1788 1096 de
1808 1025 1998 1120 antiquet

591 1150 729 1221 obtenta
749 1143 998 1219 consuetudine
1012 1153 1165 1240 spectare
1180 1155 1388 1236 nossentne,
1408 1145 1593 1237 obediant;
1619 1167 1686 1220 nen
1703 1167 1773 1220 non
1787 1146 1855 1241 ipsi
1871 1169 1915 1222 ac
1933 1169 1997 1222 no-

591 1271 680 1344 biles
692 1271 790 1364 regni
807 1269 963 1361 ejusdem
979 1269 1212 1342 eommuniam
1227 1267 1436 1361 dissolvant,
1457 1290 1660 1366 eampanam
1674 1269 1851 1364 deponant
1861 1280 1897 1345 et
1907 1293 1999 1347 amo-

590 1404 696 1467 veant
712 1393 870 1467 eonsules
886 1401 921 1466 et
939 1393 1135 1488 capitaneos
1159 1390 1205 1466 ab
1223 1391 1275 1464 eie
1290 1402 1368 1488 poet
1381 1400 1494 1466 ortam
1511 1392 1720 1466 disonrdiam
1739 1394 1935 1486 ordinatos,
1957 1415 2000 1468 ao

593 1519 702 1616 ipsius
719 1517 816 1612 regni
834 1516 1074 1614 proprietatem
1095 1514 1140 1588 ad
1159 1514 1293 1589 dietum
1311 1515 1508 1590 conradum
1527 1517 1700 1612 pertinere
1713 1515 1917 1592 diffiniendo
1934 1516 1999 1592 de·

593 1643 721 1732 erevit3
742 1649 776 1713 et
790 1641 842 1714 eie
857 1661 922 1714 sue
934 1639 1130 1714 diffinitioni
1147 1659 1269 1736 parere
1286 1639 1501 1732 nolentibus,
1520 1639 1557 1712 in
1575 1640 1750 1714 civitatem
1766 1639 2000 1714 Aoeonensem

595 1765 766 1838 interdicti
779 1773 814 1836 et
828 1765 863 1836 in
881 1763 1043 1860 syndioue
1055 1763 1186 1836 civium
1202 1772 1237 1835 et
1254 1761 1424 1836 nobilium
1437 1772 1473 1836 et
1489 1764 1658 1857 majorum
1668 1765 1851 1836 oonsulum
1867 1763 2002 1836 unirer·

595 1889 706 1964 sitatis
732 1887 941 1961 Acconeneis
961 1907 1003 1960 ac
1021 1907 1141 1960 eorum
1163 1885 1317 1960 iauwres
1338 1895 1374 1960 et
1399 1886 1612 1960 consiiiarius
1638 1887 2003 1962 exeommunieationis

597 2011 782 2086 sententiae
800 2009 1045 2106 promulgavit.
1067 2007 1169 2095 Quod
1187 2029 1267 2082 cum
1285 2007 1330 2083 ad
1345 2017 1499 2084 nostram
1513 2009 1669 2084 notitiam
1684 2010 1914 2106 pervenisset,
1940 2029 2003 2083 noe

596 2134 811 2208 attendentes
834 2133 929 2228 qnod
948 2155 1027 2205 cum
1046 2131 1133 2204 inibi
1152 2131 1368 2206 diversorum
1389 2132 1519 2206 rituum
1540 2133 1750 2207 habitatores
1762 2133 1933 2225 exutam,
1958 2131 2004 2206 de

597 2258 689 2332 sacili
708 2268 796 2330 terre
810 2257 901 2328 iliius
919 2256 1075 2328 homines
1088 2255 1133 2328 ab
1147 2255 1466 2330 Eculeeieiiomane
1478 2257 1548 2328 ritu
1560 2255 1723 2330 reuedent
1736 2266 1772 2330 et
1789 2277 1853 2352 per
1864 2255 1933 2330 hoo
1949 2256 2002 2328 in·

600 2381 781 2455 ficeruntnr
795 2381 946 2454 heretica
958 2379 1145 2478 pravitate,
1167 2401 1209 2454 ao
1221 2380 1268 2454 ob
1280 2379 1318 2454 id
1332 2381 1435 2454 Teme
1449 2383 1573 2454 Sancte
1585 2400 1649 2476 pro
1657 2401 1727 2476 qua
1741 2381 1929 2453 multorum
1944 2401 2005 2453 ea·

602 2507 803 2578 tholieorum
827 2504 997 2598 sauguine
1022 2505 1116 2596 ineo,
1145 2503 1297 2578 Ecclesia
1316 2505 1380 2576 Dei
1402 2503 1669 2579 innumerabiles
1695 2505 1808 2578 iurene
1827 2504 2006 2599 angustias

602 2630 735 2702 labores
751 2629 877 2702 nimios
892 2629 1000 2702 subiit
1022 2651 1063 2702 ae
1080 2649 1269 2724 expensas,
1295 2629 1417 2724 gravia
1434 2627 1585 2725 pericula
1608 2627 1845 2720 imminerent,
1870 2639 2007 2724 recepta

604 2755 648 2826 ab
665 2754 749 2848 ipsis
765 2752 1025 2826 Aeconeneibue
1043 2755 1203 2828 cantione
1226 2752 1322 2850 quod
1345 2754 1471 2828 nostrie
1496 2751 1647 2828 debeant
1675 2773 1796 2847 parere
1818 2751 2005 2840 mandatis,

604 2879 773 2974 prefatum
797 2877 982 2952 dumtaxat
1002 2877 1238 2952 relaxavimus
1264 2875 1503 2967 interdictum,
1530 2897 1577 2950 ne
1601 2876 1664 2950 tibi
1689 2885 1725 2949 et
1739 2875 1833 2949 dieto
1852 2885 1933 2949 nato
1948 2887 2009 2949 tuo

605 3001 770 3076 damnum
783 2999 829 3074 de
845 3000 1119 3096 regnoprediotu
1130 3001 1266 3074 modica
1281 2999 1367 3074 hora
1381 2999 1606 3094 onningen-et,
1618 2997 1717 3094 quod
1729 2997 1794 3070 vix
1806 2997 1902 3092 longi
1913 2997 2010 3071 labor

605 3123 768 3219 temporie
789 3132 1006 3196 restauraret.
1026 3124 1154 3198 Verum
1176 3123 1301 3198 dilecto
1323 3121 1395 3196 filio
1420 3123 1584 3218 magistro
1607 3123 1706 3198 Petro
1725 3121 1772 3196 da
1797 3122 1916 3196 Vineis
1935 3122 2011 3217 (aie)

601 3245 721 3340 judice
747 3269 789 3320 ac
814 3248 935 3320 nuntio
961 3256 1021 3320 tuo
1047 3246 1093 3322 ad
1115 3258 1266 3322 nostram
1284 3247 1492 3344 praeentiam
1517 3245 1737 3344 postmodum
1760 3245 1958 3339 medente,
1976 3254 2011 3318 et

604 3374 674 3454 ίαια
693 3365 820 3439 dilecto
838 3366 950 3440 filio...
970 3368 1077 3440 electo
1092 3368 1260 3459 Paetensi,
1280 3367 1376 3464 apud
1393 3389 1456 3442 nos
1471 3389 1542 3442 non
1562 3367 1638 3442 eine
1658 3367 1766 3440 muita
1778 3365 2012 3440 sollieitudine

605 3511 668 3586 pro
685 3490 755 3560 tuis
768 3489 945 3562 insistente
962 3490 1125 3583 negotiis,
1143 3513 1248 3584 quam
1267 3491 1390 3565 eodem
1409 3491 1532 3564 nuntio
1547 3513 1569 3563 a
1584 3491 1684 3564 nobie
1700 3513 1746 3564 ex
1763 3499 1859 3587 parte
1878 3499 1939 3564 tua
1951 3511 2012 3587 pe

604 3615 755 3686 tentibus
782 3633 981 3710 processum
1008 3614 1153 3709 predicti
1180 3615 1428 3711 archiepieoopi
1450 3613 1663 3706 ooniirmari,
1691 3616 1803 3688 nuntii
1828 3623 1865 3688 et
1889 3635 2012 3710 pruen-

604 3746 732 3810 ratores
770 3737 939 3810 dictorum
978 3735 1232 3812 Aenonensium
1260 3737 1558 3833 eompuomittendi
1585 3739 1622 3811 in
1648 3760 1713 3812 nos
1736 3739 1903 3812 habentes
1934 3739 2014 3834 pie-

605 3863 737 3936 nariam
772 3869 991 3957 potestatem,
1022 3863 1229 3936 ordinationi
1255 3871 1291 3936 et
1318 3862 1535 3958 dispositioni
1561 3871 1675 3936 nostre
1702 3883 1808 3958 super
1837 3861 2013 3958 premissis

606 3985 757 4058 articulis
776 3985 986 4060 nommittere
1004 4007 1042 4060 se
1061 3986 1224 4060 volebant
1246 3983 1277 4081 (t
1284 3985 1311 4084 ).
1340 3986 1409 4060 Sed
1424 3986 1506 4080 quia
1530 3985 1646 4061 dietus
1667 3984 1830 4081 magister
1851 4006 1899 4058 ex
1917 3993 2014 4082 parte

606 4119 665 4182 tua
692 4109 756 4184 hou
783 4109 897 4205 ipsum
924 4110 1126 4206 acceptandi
1152 4111 1353 4184 mandatum
1373 4121 1413 4184 ut
1432 4110 1579 4186 assernit
1600 4131 1669 4184 non
1693 4107 1860 4198 habebat,
1884 4109 1932 4182 ad
1951 4109 2014 4181 de-

641 4388 677 4463 (t)
695 4389 735 4448 Gi.
751 4389 838 4448 Bur.
851 4389 993 4446 Ταιααυι.
1006 4388 1065 4446 eive
1082 4389 1239 4448 Continuat.
1256 4387 1344 4446 Goitt.
1357 4389 1496 4463 wrm,
1510 4403 1556 4463 ep.
1570 4388 1686 4459 Gerana,
1700 4387 1806 4446 dotted.
1818 4385 1864 4443 to
1874 4386 2014 4456 usati„

607 4494 627 4546 t.
644 4488 728 4554 XIX.
741 4503 768 4561 p.
785 4487 837 4542 tet
853 4491 980 4560 eteaqq.‚
994 4485 1040 4542 ubi
1057 4486 1125 4544 duae
1139 4485 1334 4544 toennensinm
1347 4486 1499 4560 'legatioms
1515 4485 1551 4544 ad
1568 4500 1681 4562 papum,
1700 4483 1804 4547 adtinet
1819 4484 1853 4542 de
1866 4499 1934 4558 paee
1953 4497 2016 4540 num

605 4587 765 4658 imperatore
784 4583 924 4640 tractanda
943 4589 1144 4640 memorantur:
1162 4599 1216 4640 una
1238 4584 1282 4639 oui
1302 4591 1446 4656 praeerant
1462 4583 1602 4658 Phiiippus
1622 4584 1656 4641 de
1676 4582 1769 4640 Traeis
1784 4588 1813 4638 et
1831 4580 1962 4638 iienrioas
1981 4579 2016 4636 de

605 4681 735 4740 Nazareth
748 4681 781 4738 ad
796 4697 856 4738 ann.
872 4683 942 4740 ⁴2³6
956 4682 1090 4739 ineuntem
1105 4681 1272 4756 reponenda,
1284 4681 1367 4740 ultera
1375 4697 1458 4756 quam
1468 4697 1504 4740 ex
1515 4687 1595 4756 parte
1606 4695 1714 4755 qnoque
1724 4679 1796 4752 repe
1804 4678 1886 4753 Cypri
1896 4677 2017 4751 meeepit

606 4779 682 4838 milee
693 4779 782 4836 dictus
793 4777 929 4836 Galtridus
938 4780 1037 4846 Letort,
1047 4780 1094 4854 qui
1105 4781 1219 4840 ianuam
1228 4786 1258 4839 et
1270 4785 1364 4854 postea
1374 4779 1526 4842 Vitebinm
1536 4777 1848 4852 wuiemdteainitium
1858 4776 2014 4844 enaiim,

605 4876 679 4949 panis
691 4875 877 4934 resoieeionem
889 4891 907 4934 a
921 4892 991 4952 pepe
1003 4877 1151 4936 obtinuisse
1164 4878 1270 4938 dieitur.
1386 4893 1389 4898 ·
