4859 6359
1022 778 1328 840 ADDITAMENTA.
1816 778 1877 839 947

473 918 592 991 datum
622 924 778 989 nostrum
802 916 899 987 nulla
925 916 1123 1011 interposita
1149 913 1351 987 condicione
1384 912 1503 983 venire
1525 909 1589 1007 (a).
1619 912 1773 983 Ceterum
1808 934 1877 985 una

473 1038 581 1138 [cum]
601 1040 762 1113 omnibns
777 1040 991 1135 principibus
1010 1040 1135 1112 nostris
1154 1039 1378 1132 sollempnem
1405 1044 1440 1107 et
1465 1036 1657 1128 generalem
1684 1036 1814 1108 curiam
1839 1038 1876 1109 in

473 1166 560 1237 testo
577 1162 831 1257 Assumptionis
843 1163 943 1235 beate
963 1161 1115 1255 Virginis
1127 1160 1233 1235 Maria
1249 1158 1344 1255 apud
1360 1159 1576 1251 Magunciam
1594 1157 1787 1231 indiximus
1802 1159 1877 1232 oal-

471 1285 692 1376 lehrandam‚
713 1286 750 1357 in
767 1306 839 1380 qna
866 1284 1067 1381 dhpcnetur
1090 1283 1135 1357 de
1162 1283 1345 1377 tranquillo
1366 1290 1456 1355 statu
1479 1282 1589 1353 tocius
1615 1281 1750 1376 imperii
1771 1282 1877 1354 nostri

471 1419 505 1481 et
518 1409 674 1480 omnium
687 1417 881 1481 nostrornm
896 1407 1065 1499 fidelium,
1081 1417 1116 1479 et
1126 1428 1230 1501 super
1245 1405 1380 1498 injuriis
1394 1414 1429 1477 et
1444 1404 1771 1501 offensionibusque
1786 1406 1876 1478 hao-

470 1540 572 1603 tenus
593 1530 738 1624 imperio
754 1539 835 1603 sunt
853 1531 963 1621 illam,
985 1551 1074 1624 quas
1093 1529 1296 1603 excellentia
1311 1536 1426 1601 nostra
1441 1538 1474 1602 et
1489 1549 1609 1601 omnes
1626 1528 1760 1625 imperii
1779 1531 1875 1625 prin·

471 1655 565 1749 cipes
589 1653 808 1727 dissimulem
833 1654 979 1726 ulterius
998 1675 1069 1727 non
1087 1652 1272 1744 debemus,
1296 1653 1382 1747 quin
1401 1650 1448 1725 ud
1475 1651 1752 1746 persequendum
1780 1662 1814 1725 et
1829 1651 1875 1726 ad

472 1776 714 1849 refrenandum
731 1780 790 1869 jus
812 1777 947 1871 imperii
974 1775 1019 1850 ds
1040 1785 1155 1848 cetero
1180 1783 1337 1870 potenter
1358 1785 1392 1847 et
1413 1775 1620 1849 unanimiter
1641 1774 1871 1849 intendamus.

473 1900 518 1972 Ut
533 1920 616 1993 ergo
634 1901 727 1972 zelus
751 1898 834 1972 lidei
849 1908 961 1972 vestre
979 1921 1083 1995 super
1097 1899 1166 1972 hcc
1189 1908 1224 1971 et
1243 1898 1434 1993 principum
1461 1899 1665 1973 intentiones
1681 1899 1728 1996 (b)
1750 1920 1876 1973 conve·

474 2023 590 2113 uiant,
617 2025 812 2119 sollempnes
836 2024 980 2095 nuncios
1003 2032 1135 2095 vestros
1155 2021 1203 2118 (c)
1226 2032 1260 2094 et
1288 2032 1478 2095 ceterorum
1502 2032 1697 2096 nostrorum
1722 2023 1877 2097 fidelium

474 2146 509 2216 in
533 2145 656 2218 eadem
680 2146 777 2219 curia
794 2145 924 2242 prelixo
949 2146 1094 2219 termino
1121 2155 1157 2219 et
1181 2147 1257 2218 loco
1282 2147 1444 2218 volumus
1470 2147 1647 2219 interesse.
1674 2147 1878 2221 Mandantes

474 2269 688 2343 universitati
708 2279 823 2343 vestro
842 2278 1013 2364 quatenus
1035 2269 1198 2343 honestus
1214 2277 1250 2342 et
1270 2269 1435 2366 providos
1460 2270 1599 2343 nuntios
1622 2270 1799 2344 destinetis
1816 2273 1877 2366 qni

474 2393 632 2480 veniant,
656 2394 809 2466 omnium
833 2402 1026 2465 vestrorum
1049 2402 1084 2465 et
1113 2393 1259 2466 aliorum
1282 2402 1476 2467 nostrorum
1502 2392 1658 2467 fidelium
1692 2396 1874 2488 comitum,

474 2515 711 2587 marchionum
729 2524 764 2588 et
789 2517 1014 2589 vassallorum
1034 2517 1101 2589 suh
1125 2516 1281 2589 districtu
1307 2526 1342 2589 et
1364 2518 1524 2591 societate
1548 2528 1662 2591 vestra
1687 2520 1878 2593 viventium

473 2638 534 2730 qui
550 2638 670 2711 venire
690 2659 759 2712 non
779 2638 946 2734 poterint,
973 2641 1151 2713 voluntate
1170 2648 1205 2712 et
1223 2639 1407 2713 devotione
1431 2641 1567 2735 plenius
1584 2642 1769 2715 informati.
1788 2645 1880 2729 Quo·

474 2782 552 2831 rum
583 2761 710 2833 litteras
734 2770 891 2858 patentes
913 2762 1064 2835 habeant
1094 2772 1130 2835 et
1157 2762 1278 2856 sigillis
1308 2761 1538 2857 pendentibus
1563 2765 1763 2840 eorumdem
1787 2768 1884 2861 quod

475 2904 594 2956 omnes
610 2905 676 2957 vos
694 2894 831 2980 puratos
843 2894 879 2957 et
891 2895 1069 2981 promptos
1085 2887 1122 2958 in
1134 2887 1289 2982 personis
1306 2898 1341 2959 et
1358 2887 1460 2959 rebus
1477 2888 1525 2961 ad
1541 2888 1705 2962 honorem
1729 2900 1883 2963 nostrum

475 3015 510 3079 et
535 3006 670 3101 imperii
696 3008 970 3101 promovendum
996 3019 1030 3081 et
1055 3008 1223 3083 reddente
1237 2992 1391 3103 'grandia
1415 3010 1492 3107 (sic)
1506 3012 1587 3103 jura
1610 3022 1724 3087 nostra
1743 3016 1780 3085 in
1807 3038 1884 3111 par·

473 3130 567 3201 tibus
591 3128 795 3201 lombardie
818 3139 853 3203 et
880 3130 927 3204 ad
958 3132 1245 3207 confundendum
1269 3134 1348 3206 totis
1368 3134 1503 3207 viribus
1523 3156 1644 3209 omnes
1668 3148 1702 3211 et
1728 3140 1884 3233 singulos

473 3253 626 3348 ipsarum
648 3253 800 3348 partium
822 3255 884 3349 qui
903 3254 1006 3327 nohis
1034 3265 1069 3327 et
1092 3256 1237 3351 imperio
1263 3256 1506 3349 adversantem
1531 3260 1577 3331 ita
1600 3261 1695 3354 quod
1718 3262 1754 3333 in
1778 3286 1882 3357 gene·

473 3376 537 3447 rali
556 3376 652 3449 curia
670 3386 863 3473 proponant
884 3386 918 3449 at
936 3378 1089 3450 animent
1109 3379 1283 3476 principes
1301 3389 1335 3453 et
1350 3388 1455 3453 tutam
1477 3384 1609 3455 curiam
1631 3394 1666 3455 et
1685 3394 1802 3459 contra
1820 3387 1881 3457 in-

475 3498 595 3572 fideles
612 3484 747 3595 imperii
769 3510 804 3574 et
819 3502 865 3575 ad
880 3502 1169 3595 promunitionem
1187 3502 1421 3577 omnimodam
1447 3513 1556 3578 status
1578 3482 1685 3579 nostri
1704 3518 1738 3581 et
1762 3510 1878 3583 vestri.

477 3623 572 3694 Licet
586 3623 747 3696 etiamad
766 3623 832 3697 hoc
851 3626 1012 3697 voluntas
1026 3626 1182 3698 omnium
1201 3626 1247 3699 sit
1272 3624 1417 3720 firmata,
1436 3628 1526 3701 sicut
1549 3632 1680 3726 patebit
1702 3632 1738 3705 in
1759 3634 1882 3707 eadem

478 3746 574 3817 curia
591 3768 653 3841 per
668 3748 842 3840 effectum,
860 3750 1008 3822 multum
1023 3751 1087 3823 erit
1112 3750 1206 3822 utilis
1222 3759 1256 3823 et
1273 3762 1412 3847 accepta
1427 3762 1615 3826 vestrorum
1640 3753 1690 3852 (ol)
1711 3758 1880 3851 presentia

477 3892 693 3943 nnncrornm.

524 3995 667 4082 Datum,
686 4005 751 4067 eto.

518 4220 560 4300 (a)
582 4222 617 4283 ln
630 4222 730 4284 οοᾶὶω
742 4227 863 4286 venua.

516 4324 557 4400 (d)
580 4328 616 4387 In
628 4328 727 4390 codice
739 4330 937 4392 mationem.

518 4430 558 4510 (c)
583 4434 619 4495 In
631 4434 732 4496 codice
745 4442 867 4497 uorum

519 4534 562 4614 (d)
584 4539 618 4597 ln
630 4539 730 4600 oodloe
741 4548 912 4604 nostrorum.
