4859 6359
886 830 1012 890 INDEX
1035 830 1381 895 documentorum.
1525 880 1527 884 Α
1779 828 1840 892 987

854 1158 971 1219 dedens
982 1160 1137 1221 borennas
1150 1162 1395 1240 archiepiscopus,
1411 1161 1596 1239 apostolieae
1608 1158 1692 1221 Sedis
1710 1160 1836 1239 legatus,

854 1258 887 1316 ln
899 1257 1049 1317 civitatem
1061 1257 1261 1319 Acconensem
1273 1260 1449 1319 sententiam
1466 1258 1615 1319 interdicti
1627 1258 1842 1336 promulgare-

856 1356 911 1432 rit,
928 1355 991 1430 ipse
1005 1354 1194 1416 interdictum
1212 1356 1374 1431 relaxarit3
1389 1372 1459 1417 eum
1471 1370 1595 1416 monens
1608 1354 1718 1432 qulbus
1737 1354 1840 1415 condi·

855 1450 986 1511 tionibus
1000 1454 1484 1531 paxrestauraripossevldeatnr.
1783 1461 1840 1513 tta

636 1556 753 1619 Asslsil
815 1587 857 1598 -
876 1556 1133 1633 Magistrodomus
1144 1556 1392 1619 Tbeutonleornm
1404 1560 1522 1618 nuntiat
1535 1556 1608 1634 quid
1621 1573 1690 1617 cum
1702 1556 1790 1617 Petro
1804 1556 1856 1617 de·

856 1650 951 1712 Vinea
967 1654 1126 1729 imperialis
1145 1657 1244 1716 curiae
1260 1654 1360 1732 judice
1373 1656 1543 1715 tractaverit
1562 1654 1600 1714 de
1619 1654 1779 1715 rdanando
1797 1658 1841 1716 ln·

857 1746 979 1807 tardicto
995 1749 1027 1808 in
1039 1748 1186 1810 ilcconem
1200 1757 1309 1811 temere
1326 1750 1509 1827 promulgato
1522 1749 1601 1809 etde
1619 1750 1840 1825 7777717177-

855 1842 1015 1903 bardorum
1028 1846 1108 1922 qnod
1121 1846 1187 1906 vult
1202 1848 1362 1925 imperator
1377 1846 1455 1907 inira
1475 1846 1585 1907 laetum
1605 1846 1776 1909 Nativilatls
1788 1864 1843 1926 per

856 1942 1032 2000 sententiam
1050 1942 1203 2019 compleri,
1218 1942 1290 2003 dum
1305 1943 1438 2019 alioquin
1454 1932 1533 2003 idem
1546 1958 1615 2004 eum
1628 1945 1760 2005 77777177
1772 1961 1842 2021 par·

856 2038 1027 2115 tesingrmi
1039 2039 1234 2101 Lombardlae
1247 2046 1366 2117 paratus
1379 2042 1429 2113 717,
1444 2044 1502 2101 etc.
1783 2051 1840 2105 776

637 2144 753 2208 Amisit.
817 2175 857 2189 -
876 2143 1027 2205 Friderlco
1044 2147 1213 2222 imperatori
1227 2146 1329 2207 scribit
1341 2152 1375 2207 ut
1388 2146 1446 2206 eibi
1462 2146 1562 2205 mittet
1578 2147 1753 2224 magistrum
1769 2147 1840 2209 hos·

855 2241 958 2318 pitalis
975 2242 1100 2303 Sanctae
1115 2243 1227 2303 biarire
1240 2244 1490 2304 Tbeutonicorum
1508 2258 1562 2319 pro
1577 2243 1764 2305 teminende
1780 2244 1841 2307 dis-

856 2335 957 2397 cordia
969 2338 1047 2397 inter
1058 2340 1158 2414 ipsum
1168 2343 1201 2398 et
1212 2337 1403 2399 Lombardos
1646 2346 1716 2411 777,
1731 2345 1794 2401 777.
1812 2350 1841 2402 1.

635 2442 750 2506 11771711.
815 2474 856 2488 -
875 2442 1082 2519 Retisponensi
1101 2448 1133 2503 et
1151 2442 1363 2503 illidescmensi
1383 2442 1527 2521 episeopis
1558 2442 1681 2503 mandat
1703 2448 1738 2505 ut
1756 2446 1844 2521 Juxta

855 2541 988 2615 priorum
1004 2541 1213 2601 continentiam
1227 2532 1391 2601 litterarum
1404 2555 1536 2613 suarum,
1553 2541 1584 2599 in
1598 2542 1749 2617 episcopos
1766 2542 1842 2603 Her-

856 2633 1036 2711 blpolensem
1053 2641 1085 2695 et
1104 2636 1337 2713 Aepumnsem,
1362 2634 1538 2696 Fuldensem
1561 2634 1697 2696 abbatem
1717 2643 1748 2698 et
1769 2639 1842 2700 ellos

856 2747 971 2791 necnon
984 2734 1017 2792 in
1029 2733 1277 2793 wormatiensem
1297 2732 1421 2792 electum
1438 2738 1468 2792 at
1485 2731 1654 2792 1177771777
1668 2736 1843 2795 canonicum

855 2828 1106 2906 Herbipolensem,
1116 2831 1197 2889 omni
1209 2827 1405 2905 appellatione
1417 2828 1767 2906 postposita‚procedant.
1785 2837 1842 2891 777

441 2937 479 2989 au
491 2934 565 3007 sapt.
634 2936 751 2999 77771711.
815 2964 855 2978 -
875 2933 1064 2994 Petriarcbae
1090 2933 1275 2994 Antiocheno
1302 2933 1424 2994 mandat
1449 2937 1484 2993 ut
1509 2934 1671 2994 rectoribus
1696 2936 1843 2995 societatis

854 3030 1048 3092 lombardiae
1058 3029 1200 3091 kalendae
1209 3028 1371 3089 decembris
1382 3030 1516 3106 proximo
1526 3028 1642 3090 iuturus
1651 3046 1705 3106 pro
1718 3034 1844 3092 termino

855 3126 1013 3205 praefigat,
1026 3143 1087 3205 quo
1098 3142 1151 3203 per
1162 3132 1365 3204 procuratores
1382 3124 1502 3186 idoneos
1515 3140 1614 3186 coram
1630 3142 1662 3187 77
1675 3142 1843 3203 comparere

431 3200 567 3319 Q
853 3223 991 3287 7777777.
1696 3230 1766 3298 777,
1782 3233 1841 3286 777

441 3335 476 3387 21
493 3327 565 3388 iebr.
626 3332 760 3396 Vlterbii.
817 3362 857 3374 -
876 3330 1024 3391 Frldesico
1031 3330 1232 3391 Romanorum
1241 3330 1409 3406 imperatori
1422 3326 1524 3411 scribit
1536 3326 1574 3387 de
1586 3328 1743 3390 concordia
1752 3346 1843 3407 qoam

856 3427 923 3486 iniit
933 3428 1116 3503 interipsum
1128 3430 1159 3485 et
1171 3426 1250 3485 ciues
1263 3426 1450 3485 Acoonenses
1463 3424 1593 3502 aliosque
1606 3428 1690 3504 regni
1703 3426 1841 3489 Hieroso-

855 3523 1002 3599 lymltani,
1020 3528 1165 3601 quantum
1177 3521 1217 3582 ad
1228 3523 1297 3597 jura
1308 3524 1401 3597 ipsius
1414 3522 1508 3599 regnl3
1525 3538 1616 3599 quam
1627 3522 1842 3586 observandam

854 3619 987 3680 mmdet.
1783 3629 1841 3682 808

626 3739 761 3803 viterbii.
816 3766 857 3780 -
876 3733 1102 3811 Arcbiepisoopo
1125 3733 1275 3795 Nazereno
1296 3736 1328 3793 et
1349 3732 1484 3809 episcopo
1505 3730 1668 3795 Aeconensi
1695 3732 1842 3813 significat

856 3831 1032 3892 dbcordlam
1044 3844 1121 3907 quae
1132 3834 1197 3890 crat
1211 3830 1288 3889 inter
1306 3827 1487 3889 Frldedcum
1501 3830 1707 3908 imperatorem
1720 3838 1750 3892 et
1763 3833 1842 3893 cives

856 3928 1041 3991 Aooonenses
1054 3925 1183 4002 aliosque
1198 3922 1331 3985 homines
1344 3926 1427 4003 regni
1439 3925 1637 4001 Hierusalem,
1656 3926 1803 3991 amicabili
1823 3945 1842 3990 7

854 4022 1365 4099 sciuisseeompositiouesopitem.
1643 4031 1839 4096 808,not.1.

626 4140 760 4204 Vlterbii.
814 4168 856 4185 -
874 4138 1022 4198 Friderioc
1035 4136 1204 4212 1777777771
1217 4136 1404 4211 conqueritur
1416 4134 1497 4211 quod
1509 4134 1540 4195 in
1553 4150 1643 4213 regno
1657 4134 1773 4203 Siciliae
1792 4154 1841 4199 ω.

854 4234 960 4296 clcsiae
975 4249 995 4292 7
1012 4233 1154 4293 ministris
1173 4229 1373 4307 imperialibus
1391 4230 1550 4309 privilegiis
1568 4232 1707 4309 spoliatm
1724 4240 1754 4294 et
1770 4250 1840 4311 pas·

853 4328 966 4391 toribus
978 4328 1087 4389 viduae
1098 4332 1280 4388 remaneant.
1287 4327 1439 4402 Praeterea
1451 4343 1484 4387 se
1497 4344 1641 4389 excusans
1655 4345 1744 4407 super
1754 4346 1839 4390 reno·

852 4432 972 4491 radone
990 4430 1139 4490 7771777717
1158 4426 1353 4489 Lombardiae
1366 4432 1396 4487 et
1409 4442 1503 4503 poena
1516 4428 1549 4488 ln
1561 4428 1745 4491 veronenses
1758 4432 1841 4506 paeis

853 4526 1011 4587 violatores
1028 4527 1176 4601 imposita,
1190 4528 1292 4584 monet
1312 4529 1347 4584 ut
1364 4538 1502 4585 exaesam
1513 4525 1618 4603 corrigi
1630 4523 1730 4601 177177,
1745 4542 1840 4605 quum

852 4624 1038 4684 eosnlterlus
1049 4621 1234 4681 dissimulare
1246 4636 1308 4680 non
1320 4622 1424 4697 possit.
1780 4632 1839 4684 ate

820 4769 852 4783 -
872 4736 1020 4797 Friderloo
1033 4736 1233 4798 llomanorum
1253 4734 1432 4811 imperatori‘
1441 4733 1543 4794 scribit
1560 4749 1742 4811 conquerens
1758 4738 1840 4813 quod

852 4834 993 4912 mgister
1005 4833 1112 4894 domus
1128 4832 1393 4903 Tbeutonlcomm,
1410 4828 1521 4891 frustra
1538 4836 1692 4909 expectato
1711 4833 1840 4897 adventu

852 4932 1022 4993 nuntiorum
1040 4932 1186 4992 societatis
1204 4928 1407 5003 bombardae,
1422 4944 1440 4990 7
1453 4944 1486 4989 77
1499 4928 1663 4992 discesserit
1676 4947 1772 5009 neque
1792 4950 1840 4994 rc-
