4859 6359
571 763 633 827 822
1071 759 1285 824 salutatur
1309 762 1484 843 SECUNDl
1797 767 1877 848 [bn.
1895 771 1982 833 lm

572 895 688 1004 hujus
715 893 894 976 ecclesiae
920 919 944 976 a
971 917 1011 976 se
1035 893 1220 1002 suscepit,
1248 919 1359 1002 eum,
1390 919 1626 978 successores
1650 897 1754 1007 eins,
1774 898 1984 1007 capitulum

572 1027 906 1138 possessionesque
930 1036 969 1108 et
995 1025 1084 1135 jura
1111 1025 1290 1109 ecelesiae
1319 1026 1393 1109 sub
1411 1029 1642 1136 protectime
1672 1053 1743 1111 sus
1771 1039 1810 1112 et
1836 1029 1984 1139 imperii

573 1159 725 1268 recipit,
746 1157 869 1240 eidem
892 1156 1070 1239 ecclesiae
1087 1157 1188 1240 bona
1210 1158 1339 1242 omnia
1361 1183 1528 1267 quorum
1550 1159 1740 1268 quaedam
1757 1163 1983 1245 nominatim

573 1291 849 1400 exprimuntur,
871 1289 1114 1373 confirmans.

657 1499 754 1581 (Edid.
766 1517 806 1560 ns
815 1499 1181 1577 manumulierum.
1191 1499 1359 1564 ineditser.
1373 1503 1507 1564 dm.
1516 1503 1899 1584 ammentum,
1910 1514 1983 1583 ete,

695 1607 935 1686 tmpww)

624 1795 661 1868 ln
681 1795 822 1868 nomine
842 1805 958 1868 sancte
984 1781 1018 1870 et
1038 1795 1222 1870 individue
1243 1795 1428 1869 Trinitatis.
1451 1797 1646 1871 Fridericus
1664 1797 1841 1874 secundus
1861 1797 1984 1872 divina

577 1919 713 1990 favente
731 1917 912 1990 clementia
932 1917 1163 1992 Romanorum
1182 1919 1366 2016 imperator
1388 1941 1524 2015 semper
1539 1928 1726 2014 augustus,
1744 1921 1929 1993 Jerusalem
1946 1931 1985 1994 et

576 2041 694 2113 Sicilie
720 2061 797 2113 rex.
828 2039 883 2114 Ad
905 2042 1180 2138 promovendum
1201 2053 1238 2118 et
1259 2045 1534 2128 conservandum
1560 2041 1742 2118 salubriter
1764 2043 1984 2117 ecclesiarum
2082 2125 2088 2134 ,

578 2173 722 2254 statum,
742 2163 835 2236 illius
854 2163 980 2236 intuitu
997 2167 1097 2259 cujus
1117 2167 1249 2240 nomini
1267 2177 1348 2240 sunt
1365 2167 1494 2259 dicate,
1518 2167 1564 2241 de
1582 2167 1683 2260 cujus
1706 2166 1885 2242 clementia
1904 2169 1986 2242 tett-

578 2289 662 2360 citer
680 2287 906 2382 imperamus,
928 2308 1061 2360 necnon
1077 2300 1116 2362 ut
1135 2289 1172 2361 in
1189 2289 1291 2363 bonis
1307 2311 1429 2364 earum
1446 2293 1566 2365 favore
1587 2302 1704 2364 nostro
1719 2301 1878 2365 servetur
1896 2293 1985 2364 inte·

578 2411 702 2506 gntus,
735 2419 829 2482 tanto
860 2411 1084 2484 favorabilius
1114 2412 1312 2484 inducimur
1339 2423 1374 2486 et
1399 2423 1557 2486 tenemur
1582 2424 1712 2507 quanto
1735 2415 1772 2486 in
1798 2424 1985 2510 conspectu

579 2533 707 2608 summi
723 2531 816 2627 regis
829 2531 993 2628 gratiores
1009 2533 1189 2626 efficimur,
1206 2534 1252 2610 de
1269 2537 1370 2630 cujus
1384 2536 1554 2642 bonorum
1567 2537 1782 2634 plenitudine
1794 2541 1987 2634 recepimus

579 2657 753 2732 universa.
771 2655 860 2728 Hinc
874 2665 927 2729 est
940 2657 1057 2752 itaque
1070 2657 1166 2753 quod
1181 2659 1350 2755 presentis
1364 2658 1483 2757 scripti
1496 2659 1585 2734 serie
1597 2669 1719 2735 notum
1735 2659 1810 2734 fieri
1824 2661 1988 2735 volumus

580 2781 750 2856 universis
768 2779 863 2876 quod
882 2801 961 2854 eum
985 2781 1104 2856 Petrus
1128 2781 1402 2878 llacebnrgensis
1419 2781 1471 2883 (t)
1488 2785 1682 2880 episcopus,
1706 2783 1853 2858 dilectus
1872 2781 1988 2859 fidelis

579 2915 706 2998 noster,
727 2903 764 2976 in
783 2913 966 3001 conspeetu
985 2915 1101 2980 nostro
1123 2927 1160 2979 se
1175 2907 1442 3004 praecuraverit,
1465 2909 1616 3003 regalem
1636 2907 1873 2982 investituram
1897 2919 1987 2981 tem·

581 3029 748 3126 puralium
776 3027 946 3101 bonorum
982 3027 1126 3103 ecclesie
1150 3053 1231 3123 sue,
1262 3030 1352 3103 sicut
1381 3029 1487 3104 moris
1507 3042 1579 3125 est,
1603 3055 1668 3127 pro
1687 3041 1784 3129 parte
1810 3041 1926 3106 nostra
1952 3041 1989 3106 et

571 3155 714 3252 imperii
740 3153 784 3226 de
805 3151 986 3248 largitione
1010 3153 1223 3228 celsitudinis
1239 3165 1354 3228 nostre
1375 3155 1583 3251 suscipiens,
1602 3165 1719 3229 nomm
1735 3155 1875 3229 culmini
1900 3177 1989 3252 sop-

581 3280 722 3376 plicavit
740 3286 911 3372 quatenus
936 3299 1118 3373 personam
1139 3301 1252 3372 snam,
1275 3300 1489 3353 successores
1509 3299 1605 3370 suos,
1625 3279 1828 3376 capitutum,
1848 3300 1990 3376 posses-

582 3405 716 3494 siones,
742 3401 894 3476 decimas
914 3411 948 3476 et
969 3401 1087 3475 omnia
1106 3401 1198 3476 bona
1223 3411 1257 3476 et
1276 3405 1356 3497 jura
1381 3401 1525 3476 ecclesie
1546 3411 1616 3475 tam
1639 3403 1675 3474 in
1695 3403 1796 3498 aquis
1820 3425 1926 3498 quam
1948 3403 1988 3476 in

582 3527 681 3600 ternis
705 3523 828 3619 quein
853 3526 1101 3621 presentiarum
1120 3527 1213 3618 justo
1231 3523 1330 3599 titulo
1349 3525 1502 3622 possidet
1516 3527 1574 3600 vel
1596 3527 1634 3599 in
1656 3538 1757 3600 antea
1780 3529 1905 3622 poterit
1924 3547 1990 3601 ra—

583 3649 790 3724 tionabiliter
806 3647 971 3744 adipisci,
1000 3645 1066 3720 sub
1083 3659 1232 3722 nostram
1257 3658 1293 3723 et
1312 3647 1448 3745 imperii
1465 3649 1647 3746 specialem
1667 3649 1914 3745 pmtectionem
1934 3671 1990 3724 re·

582 3775 697 3872 cipere
711 3783 746 3846 et
763 3773 808 3846 de
822 3781 937 3846 nostra
952 3771 1174 3866 dignaremur
1196 3772 1306 3867 gratia
1329 3771 1542 3848 confirmare.
1568 3775 1639 3848 Nos
1660 3774 1778 3869 itaque
1799 3775 1871 3846 suis
1886 3775 1991 3868 justis

582 3895 889 3994 supplicationibus
905 3895 1103 3968 clementius
1121 3907 1324 3988 annuentes,
1343 3895 1464 3971 divine
1483 3895 1719 3970 retributionis
1734 3898 1861 3970 intuitu
1877 3905 1913 3971 at
1926 3917 1990 3993 pro

584 4032 699 4096 nostre
720 4019 840 4094 salutis
860 4029 1066 4116 augmento,
1086 4019 1248 4094 eumdem
1265 4019 1482 4117 episcopum,
1501 4041 1715 4096 succensores
1736 4041 1835 4114 suos,
1853 4021 1991 4116 capitu—

584 4149 669 4238 lum,
691 4144 937 4240 possessiones,
959 4139 1123 4236 decimas,
1140 4143 1256 4218 omnia
1272 4143 1365 4217 bona
1382 4153 1417 4217 et
1430 4146 1510 4239 jura
1528 4143 1690 4237 ecclesie,
1708 4145 1797 4218 sicut
1812 4165 1855 4218 ea
1874 4147 1992 4218 omnia

586 4268 710 4342 tamin
734 4266 833 4362 aquis
855 4289 960 4361 quarn
980 4266 1016 4338 in
1041 4267 1140 4339 terris
1164 4267 1199 4339 in
1222 4267 1370 4362 presenti
1388 4270 1483 4361 juste
1504 4269 1657 4341 noscitur
1677 4267 1851 4364 possidere
1872 4270 1929 4342 vel
1952 4271 1990 4340 in

585 4402 684 4466 antea
697 4391 790 4484 justo
810 4389 907 4462 titulo
925 4390 1047 4485 poterit
1063 4389 1229 4486 adipisci,
1247 4391 1313 4462 sub
1331 4401 1445 4462 nostra
1464 4401 1499 4463 et
1517 4392 1651 4486 imperii
1668 4393 1876 4488 protectione
1894 4394 1992 4466 reci-

586 4515 702 4611 pimus
717 4514 870 4610 speciali‚
893 4524 928 4587 et
949 4513 1071 4587 eadem
1091 4512 1135 4586 de
1154 4513 1271 4587 innata
1288 4513 1355 4586 sibi
1376 4525 1490 4587 nostre
1505 4512 1693 4608 majestatis
1705 4516 1884 4588 clementia
1903 4536 1993 4588 con-

623 4795 657 4870 (t)
675 4794 821 4870 dolabrum,
843 4795 908 4852 urbs
924 4795 1057 4869 quondam
1073 4795 1243 4870 episcopalis,
1261 4793 1379 4869 quinque
1396 4794 1479 4854 leucis
1501 4801 1556 4852 tum
1573 4795 1718 4866 Lubeckio,
1736 4802 1793 4852 turn
1809 4794 1994 4869 tananburfl)

586 4889 695 4950 distans.
