4859 6359
575 756 636 821 898
1024 830 1028 837 ,
1074 762 1287 836 lblbssltlcl
1310 762 1480 831 securint
1792 768 1873 847 [Asu.
1891 768 1976 833 1236.

578 903 614 967 et
632 895 865 987 latorjustitie
879 919 949 975 non
964 898 1118 991 adesset,
1134 898 1292 975 monci
1308 918 1448 993 quoque
1462 906 1498 971 et
1509 897 1747 975 ministeriales
1760 902 1979 977 Brixinensee

577 1017 799 1093 omissionem
819 1021 952 1112 jurium
976 1024 1128 1101 melesio,
1145 1023 1348 1115 allegarent,
1373 1042 1437 1095 noe
1461 1020 1592 1095 dictum
1611 1023 1812 1119 episcopum
1835 1025 1882 1099 ud
1901 1048 1978 1121 pre·

577 1142 722 1215 sentiam
737 1152 889 1217 nostram
905 1147 1107 1222 vocavimus
1125 1155 1163 1219 et
1177 1144 1422 1239 requisivimus
1441 1143 1538 1239 quod
1559 1166 1640 1219 oum
1654 1145 1731 1221 dux
1744 1156 1834 1223 esset
1851 1160 1886 1221 et
1895 1152 1976 1241 jus-

577 1264 725 1339 titiarius
746 1275 849 1359 terre,
871 1270 1019 1362 qualiter
1037 1269 1250 1365 contingeret
1269 1268 1326 1341 bic
1347 1266 1518 1361 deiectusr
1543 1278 1578 1341 et
1595 1266 1702 1367 [oum]
1720 1272 1793 1365 ipse
1813 1273 1977 1345 malefac-

575 1396 689 1461 torum
704 1390 902 1463 instantiam
924 1413 968 1465 ao
990 1392 1200 1467 debilitatem
1221 1392 1375 1487 corporis
1393 1412 1435 1463 nc
1450 1412 1514 1466 sus
1537 1391 1772 1486 impotentiam
1794 1394 1978 1467 senectutis

575 1511 737 1605 allegaret
764 1516 1014 1609 presentialiter
1041 1538 1156 1591 coram
1189 1515 1307 1607 nobis,
1331 1510 1474 1613 tum[on]
1498 1514 1699 1589 consulente
1723 1514 1833 1589 nobis'
1847 1516 1914 1589 sibi
1938 1528 1977 1590 ut

574 1635 744 1709 inveniret
769 1638 861 1711 mam
891 1640 1025 1713 consilii
1058 1662 1120 1735 per
1149 1662 1256 1735 quam
1284 1638 1496 1735 pauperibus
1519 1647 1555 1711 et
1582 1636 1768 1726 divitibus,
1796 1640 1914 1733 parvis
1942 1650 1978 1713 et

574 1760 709 1853 magnis
729 1761 862 1855 justitia
881 1772 1079 1837 servaretur
1099 1774 1133 1837 et
1152 1762 1272 1837 fideles
1296 1762 1440 1837 ecclesie
1458 1760 1527 1835 snb
1544 1770 1594 1833 tot
1609 1762 1777 1857 pressuris
1791 1772 1826 1835 et
1847 1784 1977 1856 angus·

573 1881 630 1954 tiis
656 1884 774 1957 vexati
794 1884 964 1980 respirent
982 1884 1033 1982 (a)
1050 1906 1116 1959 nec
1138 1885 1332 1983 privaretur
1353 1884 1498 1961 ecclesia
1524 1884 1626 1957 bonis
1650 1884 1745 1975 suis,
1773 1885 1977 1959 deliberavit

571 2026 652 2079 oum
669 2007 884 2104 principibus
902 2010 964 2103 qui
986 2018 1161 2106 presentes
1177 2010 1321 2085 aderant
1339 2020 1375 2083 et
1398 2030 1479 2083 cum
1502 2008 1664 2083 nauibus
1680 2008 1754 2083 suis
1776 2009 1925 2104 capitulo
1941 2019 1977 2081 et

571 2130 853 2205 ministerialibus
880 2134 1026 2207 ecclesie
1052 2133 1285 2225 brixinensis,
1315 2154 1382 2209 nec
1404 2130 1673 2207 commodiorem
1705 2132 1817 2228 potuit
1849 2132 1976 2205 habere

571 2252 673 2327 aliam
700 2250 766 2349 (b),
798 2254 931 2329 ebdom
962 2257 1112 2351 capitulo
1140 2266 1177 2329 et
1205 2256 1484 2331 ministerialibus
1509 2254 1556 2329 de
1577 2256 1751 2329 communi
1774 2254 1916 2329 oonsilio
1941 2264 1976 2329 et

569 2397 713 2449 assensu
736 2400 818 2451 suos
843 2379 1122 2469 informantibus,
1147 2382 1359 2454 voluntatem
1384 2402 1490 2475 quam
1512 2378 1610 2474 quod
1633 2378 1836 2453 excellentie
1862 2386 1976 2451 nosue

570 2498 744 2574 humiliter
764 2500 808 2596 (c)
825 2502 1048 2599 supplicavit,
1068 2504 1226 2598 exposita
1246 2504 1282 2575 in
1303 2512 1419 2577 nostra
1441 2502 1614 2597 presentia
1631 2504 1724 2594 justa
1746 2523 1870 2592 ounsa,
1890 2522 1975 2595 qun·

569 2624 663 2697 tinus
679 2622 728 2719 (d)
748 2620 820 2723 [de]
839 2628 1014 2720 regalibus
1030 2627 1173 2701 ecclesie
1188 2626 1332 2717 cedant,
1353 2636 1542 2722 spontanea
1559 2624 1735 2699 voluntate
1758 2626 1792 2695 in
1815 2624 1974 2697 manibus

568 2748 693 2821 nostris
708 2769 779 2821 una
796 2770 876 2822 oum
894 2750 1121 2824 confratribus
1148 2751 1222 2823 suis
1244 2750 1395 2847 capitulo
1419 2748 1515 2824 etde
1537 2770 1680 2822 assensu
1702 2748 1804 2821 etde
1831 2748 1974 2819 consilio

567 2872 840 2945 ministerialium
866 2896 1009 2949 suorum
1034 2876 1224 2969 resignavit
1247 2874 1364 2949 omnia
1392 2876 1471 2969 jura
1498 2874 1627 2965 regalia
1652 2871 1809 2967 ejusdem
1833 2871 1974 2945 ecclesie

568 3004 637 3067 tam
655 2994 691 3066 in
709 2998 828 3069 castris
846 3020 952 3092 quam
969 2999 1005 3071 in
1020 2998 1231 3089 civitatibus,
1252 2996 1357 3086 villis,
1378 2996 1528 3092 oppidis,
1549 2996 1841 3087 ministerialibus,
1862 2995 1973 3067 homi·

568 3120 671 3192 nibus
688 3130 722 3193 et
742 3122 819 3195 aliis
842 3122 1033 3196 rationibus
1053 3124 1143 3215 suis3
1164 3124 1200 3195 in
1222 3132 1337 3197 nostra
1350 3131 1386 3197 et
1398 3122 1531 3217 imperii
1547 3120 1717 3209 custodio,
1735 3119 1973 3215 procuratione

568 3252 603 3315 et
626 3244 807 3318 allectione
827 3246 965 3341 singula
991 3247 1206 3320 committens
1233 3256 1272 3319 ut
1297 3268 1337 3319 ea
1368 3244 1533 3319 custodiri
1555 3243 1602 3317 ad
1629 3242 1886 3317 indemnitatem
1912 3263 1974 3314 so-

569 3366 672 3439 clesie
694 3367 859 3441 iaciemus
880 3378 915 3441 et
933 3369 1116 3443 efficaciter
1136 3369 1332 3465 procurari,
1351 3378 1386 3442 et
1400 3378 1439 3442 ut
1455 3365 1581 3442 amodo
1599 3365 1812 3459 indiciorum
1837 3374 1973 3436 nostre-

567 3509 646 3559 rum
668 3486 715 3585 (c)
739 3499 931 3563 statuamus
950 3491 1013 3587 qui
1033 3491 1239 3567 authoritate
1266 3500 1382 3567 nostra
1406 3500 1442 3565 et
1464 3490 1601 3586 imperii
1622 3488 1791 3583 justitiam
1812 3486 1973 3561 omnibus

568 3608 728 3685 fidelibus
749 3614 893 3687 ecclesie
918 3615 1022 3689 iaciat
1045 3624 1080 3689 et
1103 3616 1474 3691 conservet'Castrum
1495 3634 1635 3709 quoque
1659 3610 1784 3685 Veldes
1815 3608 1970 3683 commit·

568 3734 673 3807 umus
688 3735 813 3809 dilecto
825 3736 973 3833 principi
986 3747 1102 3812 nostro
1120 3738 1202 3812 duci
1215 3738 1394 3812 Karintbie
1416 3738 1452 3810 in
1468 3736 1541 3811 vita
1556 3732 1710 3831 episcopi
1727 3730 1772 3805 ad
1790 3752 1875 3805 usus
1891 3752 1972 3805 suos

569 3868 604 3931 et
618 3860 762 3932 ecclesie
777 3860 1067 3935 conservandum.
1083 3862 1285 3937 Nominatus
1298 3884 1382 3936 varo
1399 3862 1580 3958 episcopus
1596 3856 1785 3934 reservavit
1798 3854 1865 3928 sibi
1882 3854 1969 3951 [pro]

568 3982 814 4056 sustentatione
842 4006 907 4057 sna
935 3984 1111 4059 redditum
1137 3986 1295 4079 ejusdem
1324 3984 1425 4061 casui
1452 3983 1634 4057 lleldeneis
1669 3988 1704 4056 et
1737 3978 1810 4053 duo
1837 3978 1968 4063 officia,

569 4104 680 4179 Anras
701 4106 830 4181 scilicet
845 4116 881 4181 et
895 4108 1104 4204 lisaboven,
1126 4133 1198 4205 que
1220 4110 1255 4183 in
1278 4108 1350 4187 vita
1374 4131 1439 4183 soa
1454 4107 1501 4182 ad
1528 4129 1629 4181 uum
1652 4114 1687 4181 ct
1704 4100 1886 4180 commoda
1907 4120 1972 4173 sua

611 4430 653 4512 (a)
675 4432 732 4510 Ap.
749 4434 897 4513 llormayr
907 4436 1113 4517 acceperat
1128 4436 1202 4519 (li).

611 4530 652 4614 (b)
672 4534 786 4595 lbldcm
798 4532 901 4597 nnaod
914 4531 988 4616 (tt).

611 4639 651 4718 (ι)
670 4640 782 4701 mm·-
794 4639 938 4718 marr,
951 4646 1040 4706 nee.

610 4741 655 4824 (d)
675 4744 894 4827 lbldamqasea,
907 4750 1008 4811 minus
1017 4756 1107 4814 recte.

609 4846 649 4929 (ι)
669 4850 840 4933 Legrndum
853 4868 925 4915 von
937 4854 1054 4919 ddetor
1065 4852 1191 4939 adnata
1197 4854 1519 4940 jamnum.
