4859 6359
1142 677 1315 738 nederc!
1341 677 1507 738 serrllss
1847 679 1927 756 [Aru.
1945 679 2033 742 1234.

447 1264 575 1370 331?ss
682 1250 885 1354 Henricus,
914 1250 1174 1332 Romanorum
1210 1274 1295 1353 rex,
1326 1250 1470 1332 nuntiis
1497 1249 1576 1332 suis
1612 1253 1839 1360 supradictis
1866 1254 2036 1336 unctori-

429 1377 478 1417 ¹⁴¹²
478 1373 595 1414 ⁰'”¹'²⁵¹‘
628 1390 746 1464 tatem
773 1382 944 1464 concedit
968 1383 1156 1465 nectendi
1180 1383 1447 1490 concordiam,
1477 1385 1695 1468 securitates
1721 1385 1838 1468 dandi
1866 1395 1904 1470 et
1928 1388 2033 1470 reoi-

627 1513 768 1624 piendi,
785 1514 941 1626 jurandi
960 1516 1073 1598 etiam
1092 1516 1131 1597 in
1151 1517 1280 1600 enimn
1298 1543 1368 1600 suu
1385 1525 1423 1600 et
1436 1517 1654 1628 juramenta
1671 1519 1890 1626 reeipiendi,
1905 1521 2035 1602 omnia

629 1647 794 1758 denique
811 1647 972 1732 faciendi
991 1675 1090 1758 quae
1113 1648 1186 1732 sibi
1204 1649 1312 1732 utilia
1333 1649 1576 1758 ridebuntur,
1596 1650 1690 1734 bueo
1711 1651 1935 1760 promittens
1952 1662 2035 1736 rute

628 1806 668 1863 se
684 1779 920 1864 habiturum.

711 1991 831 2070 (Inodlt.
846 2009 885 2054 ex
898 1993 998 2053 codiee
1008 1993 1202 2054 bibliothecae
1214 1993 1442 2066 Ambrosianus,
1458 1993 1705 2072 supralaudato.)

677 2181 800 2252 Datum
817 2179 913 2274 apud
927 2180 1147 2274 Emetingen,
1165 2179 1275 2253 xvllt
1286 2179 1451 2254 kalendas
1464 2181 1673 2272 decembris,
1694 2181 1881 2256 indictione
1896 2191 2031 2256 octavu

427 2815 610 2922 &nepum
685 2779 890 2881 Henricus,
926 2778 1185 2860 Romanorum
1227 2801 1312 2883 rex,
1341 2782 1510 2858 montem
1545 2773 1690 2856 dictum
1722 2774 2037 2887 Weltersbergn

437 2925 484 3021 12¹2
481 2924 600 3019 οἪς,
634 2913 808 2997 Conrado
831 2910 1009 2994 Schuelin
1036 2910 1084 2991 de
1109 2908 1290 3018 Biringeu
1317 2906 1498 2990 tratribus
1524 2907 1573 2988 de
1599 2905 1750 2990 Alnvelt
1775 2908 2034 3017 resignatum,

633 3046 780 3156 sibique
798 3044 875 3126 ab
864 3043 957 3152 rpsis
984 3041 1166 3123 fratribus
1183 3038 1489 3144 cununditums
1477 3065 1519 3118 rn
1538 3037 1603 3147 jus
1627 3047 1665 3120 et
1680 3039 1946 3149 proprietatem
1964 3067 2035 3126 ec-

633 3179 767 3262 clesiae
785 3178 833 3259 de
851 3173 1058 3258 Sohiinthal
1074 3173 1193 3257 libere
1210 3183 1248 3254 et
1266 3167 1438 3255 absolute
1455 3169 1613 3254 confert.

716 3393 841 3475 (Inedlt.
865 3407 904 3452 ex
916 3390 1051 3469 orlglurll
1071 3391 1105 3450 lu
1123 3387 1244 3450 ercblvo
1266 3387 1493 3466 Stuttgmtensl,
1506 3387 1588 3466 quod
1605 3385 1692 3448 noble
1706 3387 1745 3449 cl.
1760 3405 1792 3448 r.
1806 3387 1931 3449 Kcurler
1949 3403 2037 3448 com-

751 3500 923 3562 munleurlt.
947 3497 1084 3576 Stglllum
1100 3494 1236 3556 tltucsurn
1255 3509 1338 3554 eorus
1357 3493 1497 3556 subrutae
1521 3496 1712 3570 lmprcsrum,
1727 3509 1766 3554 ex
1781 3492 1840 3554 nur
1853 3495 1952 3555 rertelr
1964 3494 2037 3554 tlurl

752 3605 892 3681 rubrique
904 3602 1010 3662 coloris
1022 3600 1165 3676 pendens,
1180 3597 1270 3659 bubet
1283 3599 1435 3676 legendum
1449 3599 1565 3660 solttum
1576 3615 1646 3658 eum
1659 3599 1809 3660 eddlttoue
1820 3615 1859 3660 ox
1870 3605 2037 3660 transverso

753 3711 792 3771 nd
804 3719 961 3785 utrumque
972 3707 1072 3766 thronl
1084 3705 1161 3765 lutus
1174 3705 1226 3764 ΕΤ
1243 3705 1327 3768 DUX
1353 3704 1537 3778 s-vnvm.)

683 3902 720 3971 ln
736 3897 874 3974 nomine
887 3902 1003 3966 sancte
1017 3901 1052 3963 et
1069 3887 1251 3962 individue
1267 3885 1454 3960 Trinitatis.
1480 3887 1658 3960 Heinricus
1674 3887 1796 3962 divina
1811 3890 1950 3962 terente
1966 3891 2037 3962 cle·

634 4022 760 4096 mentia
771 4019 938 4114 septimus
948 4017 1178 4087 Romanorum
1196 4034 1260 4084 rex
1272 4021 1306 4084 et
1314 4033 1449 4107 semper
1461 4021 1642 4106 augustus.
1660 4013 1754 4085 Licet
1770 4013 1945 4104 religiosas
1956 4035 2038 4108 per-

634 4146 991 4236 senescujuscumque
998 4137 1130 4210 ordinis
1142 4136 1328 4229 diligamus
1336 4137 1371 4206 in
1384 4137 1469 4228 Deo,
1481 4133 1739 4232 Cyslerliensem
1756 4147 1869 4209 tumen
1881 4134 2037 4208 ordinem

636 4265 827 4366 specialiter
840 4265 1078 4360 amplexemur
1089 4259 1239 4331 brachiis
1257 4259 1424 4350 caritatis,
1452 4259 1606 4352 eoquod
1629 4260 1712 4353 quia
1735 4259 1908 4332 sinceriori
1924 4259 2039 4334 devo-

637 4395 729 4466 tione
744 4390 846 4463 nobis
862 4398 898 4460 et
911 4385 1054 4480 imperio
1069 4403 1132 4478 pre
1149 4383 1228 4454 eliis
1243 4379 1425 4455 ordinibus
1436 4389 1488 4453 est
1500 4382 1675 4469 astrictus,
1694 4381 1907 4476 propensiori
1921 4379 2037 4454 studio

634 4540 716 4590 eum
734 4517 770 4586 in
786 4512 966 4609 specialem
982 4508 1141 4580 effectum
1150 4505 1310 4598 colligere
1326 4503 1531 4588 debeumus3
1552 4501 1685 4575 firmam
1700 4525 1797 4598 spem
1806 4501 2038 4597 fiduciamque

635 4648 789 4713 tenentes
802 4635 897 4732 quod
910 4629 1077 4728 quicquid
1094 4629 1127 4701 ei
1141 4624 1251 4722 gratie
1267 4628 1447 4699 fecerimus
1465 4625 1620 4720 proficiet
1636 4627 1736 4699 nobis
1755 4637 1789 4699 et
1811 4627 1935 4700 nostris
1951 4648 2039 4722 pro·

634 4762 846 4859 genitoribus
859 4757 905 4831 ad
917 4757 1074 4828 salutem.
1090 4751 1178 4826 Hinc
1191 4761 1243 4825 est
1259 4749 1356 4845 quod
1368 4750 1538 4825 universis
1551 4750 1768 4847 presentibus
1783 4760 1818 4826 et
1832 4751 1957 4824 futuris
1976 4771 2038 4823 vo·
