4859 6359
1131 787 1349 852 vntnsntct
1373 789 1549 852 SECHNM
1854 793 1933 870 [llum
1952 791 2038 856 mo

869 1087 1117 1098 -υι-ι-ηο--ιι-οι
1123 1089 1157 1098 -n-
1164 1089 1171 1096 ·
1177 1088 1349 1100 -m-n--n-
1355 1087 1806 1098 -o--ua—-u—-n--oom

502 1403 545 1490 ³⁸„
584 1423 592 1449 ‚
686 1361 920 1468 Fridericus,
942 1361 1200 1444 Romanorum
1228 1361 1447 1470 imperator,
1466 1361 1517 1443 ad
1545 1361 1856 1472 supplicationem
1876 1359 2039 1444 Conradi

578 1477 585 1490 ’
633 1493 953 1578 Hildeshemensis
979 1493 1163 1604 episcopi,
1183 1504 1306 1576 ratam
1324 1494 1441 1578 habet
1456 1495 1686 1606 emptionem
1698 1495 1804 1607 justo
1821 1494 1931 1578 titulo
1948 1493 2038 1578 lac-

634 1639 713 1710 tum
732 1654 755 1710 a
771 1626 936 1736 capitulo
962 1625 1119 1736 majoris
1146 1627 1325 1712 ecclesiae
1345 1626 1667 1712 Hildeshemensis
1684 1629 1942 1738 quarumdam
1958 1626 2037 1709 ad·

633 1753 864 1846 vocaliarum
892 1759 941 1842 ab
968 1759 1186 1843 Hermanno
1211 1771 1249 1844 et
1274 1759 1436 1845 Hemioo
1452 1759 1635 1846 fratribus
1652 1763 1701 1844 de
1716 1760 2038 1870 Woldenberg‚a

634 1894 820 2003 Ludigero
839 1893 887 1976 de
904 1891 1086 2002 lndagine
1103 1901 1141 1974 et
1158 1892 1208 1976 ab
1226 1892 1325 1975 aliis

711 2105 806 2186 (Edit.
823 2123 871 2184 op.
886 2105 1090 2179 nursam,
1104 2103 1179 2167 Hice.
1194 2101 1356 2168 Gonderab
1370 2101 1501 2187 dapem„
1515 2105 1588 2169 dias.
1602 2107 1646 2181 11,
1660 2124 1692 2186 p.
1707 2114 1859 2184 428429,
1873 2105 1975 2167 addite
1985 2104 2038 2167 sed

751 2213 828 2274 male
841 2213 913 2273 annl
928 2221 1004 2272 12²0
1018 2211 1188 2291 notatione.)

681 2399 893 2486 blidericus,
917 2397 978 2470 Dei
1001 2397 1361 2490 gratialtomanomm
1383 2398 1569 2494 imperator
1591 2419 1728 2495 semper
1747 2407 1927 2494 angustus,
1951 2397 2038 2472 Hie-

633 2525 780 2598 rusalem
798 2533 833 2596 et
856 2521 970 2594 Sicilie
995 2543 1072 2610 rex,
1092 2523 1284 2617 preposito,
1314 2521 1447 2596 decano
1471 2523 1604 2618 totique
1633 2523 1783 2619 capitulo
1809 2523 1949 2615 majoris
1957 2523 2036 2596 Hil-

633 2648 865 2723 desbemensis
884 2645 1026 2719 ecclesie
1042 2644 1203 2718 fidelibus
1226 2646 1299 2718 suis
1312 2647 1459 2740 gratiam
1471 2668 1571 2720 snam
1589 2656 1625 2720 et
1646 2669 1749 2720 omne
1773 2647 1916 2720 bonnm.
1946 2647 2036 2720 (bn-

632 2773 770 2844 stitutns
805 2770 841 2842 in
877 2768 1045 2863 presentia
1074 2768 1265 2860 majestatis
1295 2779 1410 2842 nostra
1440 2769 1478 2841 C.
1509 2767 1718 2842 venerabilia
1748 2769 2039 2842 HildesHemensis

632 2897 830 2992 episcopus,
858 2893 1005 2966 dilectus
1033 2893 1193 2989 princeps
1211 2902 1343 2986 noster,
1363 2904 1479 2968 nostre
1496 2895 1694 2970 celsitudini
1710 2895 1920 2990 supplicavit
1943 2915 2037 2988 qna-

631 3031 733 3094 tenus
749 3017 798 3116 (a)
816 3018 1023 3113 emptionem
1042 3017 1167 3091 factam
1183 3039 1204 3092 a
1223 3017 1325 3090 vobis
1340 3017 1388 3092 ad
1409 3039 1498 3113 opus
1522 3017 1668 3092 ecclesie
1691 3027 1805 3092 vestre
1823 3021 1918 3112 justo
1939 3017 2038 3097 titulo

632 3141 862 3240 quarumdam
887 3141 1144 3215 advocatiarum
1171 3141 1218 3214 ab
1239 3141 1435 3214 Hermanno
1452 3151 1488 3216 et
1509 3142 1658 3216 ilenrico
1681 3141 1844 3214 iratribus
1869 3141 1915 3215 de
1934 3141 2038 3215 Wol-

633 3269 763 3361 deberss
785 3277 820 3340 et
838 3287 860 3338 a
880 3264 1052 3355 ludigero
1079 3263 1125 3337 de
1142 3263 1311 3357 indagine
1329 3275 1366 3338 et
1381 3286 1403 3338 a
1426 3264 1706 3360 quibuscumque
1725 3265 1804 3340 aliis
1819 3265 1881 3361 qni
1897 3263 2037 3340 easdem

633 3391 832 3484 advocatias
853 3388 898 3462 ab
916 3386 1038 3461 eadem
1054 3396 1168 3461 vestra
1190 3387 1335 3462 ecclesia
1357 3397 1561 3481 tenuerunt,
1579 3390 1637 3464 vel
1653 3389 1805 3484 siquam
1829 3389 2037 3485 emptionem

634 3515 669 3586 in
685 3523 783 3587 antea
803 3510 850 3607 (b)
869 3509 942 3582 fieri
962 3509 1142 3602 contigerit
1156 3509 1203 3582 ab
1215 3509 1271 3582 bis
1282 3511 1518 3605 quisimilitor
1530 3511 1732 3586 advocatias
1746 3512 1841 3607 ipsas
1855 3512 1901 3584 ab
1915 3511 2037 3586 eadem

634 3637 779 3712 ecclesia
809 3643 942 3724 tenent,
972 3639 1079 3705 ratam
1113 3632 1243 3706 habere
1273 3632 1320 3707 de
1348 3643 1464 3708 nostra
1496 3635 1607 3730 gratia
1633 3635 1867 3730 dignaremur.
1899 3636 1970 3709 Nos
1991 3632 2037 3730 (c)

635 3771 750 3835 autem
769 3759 879 3854 ipsius
894 3755 1009 3830 dilecti
1024 3755 1191 3852 principis
1206 3757 1327 3850 nostri,
1348 3759 1449 3850 cnjus
1466 3757 1601 3833 sincera
1616 3758 1756 3834 devotio
1777 3769 1813 3834 et
1839 3769 1937 3856 grata
1957 3781 2036 3836 sar-

634 3885 718 3956 vitia
734 3892 850 3954 nostro
863 3880 1004 3953 culmini
1030 3887 1127 3973 grata
1151 3879 1304 3954 resident
1320 3889 1358 3955 et
1370 3891 1533 3978 accepta,
1551 3883 1870 3979 supplicationibus
1902 3938 1912 3956 .
1942 3937 1953 3956 .
1983 3938 1993 3954 .
2022 3937 2032 3956 .

637 4059 808 4082 .....
836 4004 1044 4099 emptionem
1072 4004 1181 4097 ipsam
1202 4004 1435 4100 predictarum
1455 4005 1732 4097 advocatiarum,
1752 4007 1880 4080 sicma
1897 4007 2037 4106 prelatis

633 4131 794 4204 fratribus
818 4129 1013 4201 Hermanno
1035 4135 1069 4198 et
1100 4127 1247 4200 Henrico
1267 4136 1302 4200 et
1327 4147 1349 4201 a
1372 4126 1545 4221 Lndigero
1574 4127 1620 4204 de
1648 4128 1818 4225 indagine
1850 4139 1885 4202 et
1910 4151 1933 4204 a
1956 4131 2037 4225 qni·

631 4258 848 4348 buscnmque
875 4251 951 4325 aliis
978 4249 1039 4345 qui
1070 4251 1163 4346 ipsas
1191 4271 1212 4324 a
1237 4251 1474 4347 prenominata
1496 4253 1640 4327 ecclesia
1666 4253 1859 4346 tenuerint,
1886 4255 1981 4346 justa
2001 4263 2037 4326 ot

633 4379 879 4454 rationabiliter
898 4375 1052 4449 noscitur
1075 4396 1152 4448 esse
1174 4375 1264 4448 sacta
1280 4375 1339 4449 vel
1363 4375 1400 4448 in
1418 4384 1520 4451 antea
1537 4376 1611 4451 fleri
1636 4377 1816 4470 contigerit
1834 4377 1880 4449 ab
1907 4377 1951 4449 iis
1973 4377 2034 4472 qni

633 4503 833 4579 advocatias
855 4501 946 4597 ipsas
970 4521 992 4572 a
1014 4499 1250 4594 prenominata
1272 4497 1417 4574 ecclesia
1439 4509 1577 4596 tenent,
1605 4508 1716 4573 ratam
1740 4508 1776 4574 et
1801 4497 1935 4573 firmam
1965 4499 2036 4573 ba-

672 4679 714 4760 (α)
735 4681 793 4756 Ap.
807 4675 976 4754 Harenberg
989 4675 1127 4756 pmmob,
1141 4673 1229 4736 male.

672 4785 712 4866 (b)
734 4785 848 4846 Ibidem
860 4799 960 4858 aurea,
975 4783 1062 4844 male.

673 4891 709 4972 (c)
736 4891 850 4952 lbldcm
862 4887 1026 4968 dtqcnmun
1043 4887 1117 4964 Hoc,
1129 4886 1215 4948 male.
