4859 6359
583 705 645 769 642
1100 704 1273 767 HENRlGl
1295 704 1471 767 SEP'l'llss.
1808 707 1887 804 [Aba.
1905 708 1992 773 123⁴„

585 844 628 913 tis
642 862 925 936 cognosceremus
935 870 946 934 3
966 864 1029 916 uos
1047 842 1273 916 nobilioribus
1291 850 1326 915 et
1343 840 1598 915 honestioribus
1619 851 1708 916 terre
1730 844 1941 936 convocatis,
1960 856 1995 919 et

585 964 714 1039 auditis
731 966 766 1035 in
786 967 958 1061 presentia
984 968 1136 1062 ipsorum
1153 965 1335 1063 prepositis
1351 967 1532 1061 utriusque
1549 966 1656 1063 partis
1677 974 1712 1039 et
1732 966 1898 1062 inquisita
1914 967 1994 1041 dili·

585 1090 722 1184 gentius
735 1089 897 1181 veritate,
918 1092 1145 1184 cognovimns
1159 1091 1324 1164 relatione
1338 1089 1494 1163 veridica
1507 1088 1693 1183 jamdictos
1705 1088 1864 1163 homines
1879 1092 1994 1165 Sancti

586 1213 662 1298 Ursi
676 1212 722 1287 ad
740 1213 918 1286 ecclesium
932 1214 1194 1289 Solodorensem
1210 1213 1319 1287 libere
1336 1212 1508 1308 pertinere
1526 1222 1562 1286 et
1578 1212 1739 1287 comitem
1757 1212 1802 1287 de
1815 1214 1994 1309 Bueheoge

585 1353 661 1407 esso
689 1332 895 1407 advocatum
929 1334 1101 1431 ipsorum,
1131 1335 1212 1407 licet
1237 1334 1329 1407 diota
1351 1334 1498 1407 ecclesia
1518 1334 1722 1407 vexationes
1747 1343 1783 1406 et
1797 1334 1995 1409 exactiones

585 1457 785 1541 eorumdem
810 1459 990 1533 hominum
1012 1460 1150 1556 abipso
1171 1457 1343 1531 advocato
1365 1458 1549 1534 redemerit
1568 1458 1781 1553 temporibus
1797 1460 1991 1551 retroactis3

584 1583 631 1655 ita
649 1581 746 1677 quod
764 1606 942 1678 nunquam
966 1583 1079 1657 dictus
1105 1582 1297 1657 advocatus
1315 1582 1363 1655 ad
1383 1582 1524 1657 eosdem
1543 1581 1701 1655 homines
1717 1582 1866 1675 alicujus
1882 1606 1995 1657 exuo-

585 1706 688 1779 tionis
706 1708 762 1779 vel
783 1708 913 1781 servitii
934 1730 1038 1780 causa
1062 1706 1166 1780 debet
1191 1704 1376 1796 accedere,
1405 1706 1473 1777 nisi
1494 1729 1515 1803 a
1534 1706 1687 1801 sepefato
1701 1707 1876 1803 preposito
1893 1707 1996 1781 ruerit

585 1830 763 1904 invitatus.
786 1833 943 1927 Dictique
966 1832 1123 1905 homines
1145 1830 1191 1905 ad
1216 1830 1348 1903 nullius
1365 1827 1543 1903 servitium
1559 1839 1640 1901 sunt
1657 1828 1814 1903 adstricti
1830 1830 1898 1902 nisi
1915 1852 1994 1927 pre·

584 1954 687 2050 positi
702 1962 736 2025 et
753 1954 894 2049 capituli
907 1954 1095 2049 sepedicti,
1115 1964 1150 2026 et
1168 1956 1236 2050 ipsi
1253 1955 1442 2047 burgenses
1463 1954 1593 2026 nullam
1613 1952 1749 2045 dejure
1768 1954 1804 2025 iu
1822 1954 1907 2048 ipsis
1923 1954 1995 2027 bo-

587 2076 741 2148 minibus
754 2076 883 2149 babent
897 2087 1112 2173 potestatem,
1133 2078 1198 2149 nisi
1209 2086 1378 2173 quantum
1394 2076 1440 2151 de
1452 2078 1630 2152 voluntate
1637 2088 1673 2151 et
1686 2077 1913 2173 gratiaipsius
1923 2097 1996 2173 pre-

585 2200 687 2295 positi
705 2208 739 2272 et
755 2202 896 2295 capituli
906 2210 1065 2297 poterunt
1080 2202 1247 2274 obtinere.

634 2324 763 2417 Siquis
781 2324 886 2417 igitur
904 2335 1021 2397 contra
1037 2326 1127 2397 bane
1150 2334 1266 2397 nostre
1294 2324 1562 2397 confirmationis
1579 2324 1742 2421 paginam
1773 2346 1863 2397 ausu
1883 2334 1996 2398 teme-

584 2447 675 2519 rario
704 2448 824 2519 venire
848 2448 1114 2545 presumpserit,
1144 2446 1415 2543 indignationem
1438 2458 1553 2522 nostre
1577 2448 1792 2522 celsitudinis
1807 2470 1845 2522 se
1862 2450 1996 2523 noverit

584 2572 816 2644 incursurum.

631 2698 757 2767 Datum
777 2696 873 2792 apud
890 2698 1153 2785 blandientum,
1186 2720 1278 2772 anno
1301 2696 1437 2773 Domini
1454 2696 1698 2790 mccxxxlv,
1719 2696 1858 2772 decimo
1874 2698 1995 2794 quinto

583 2819 751 2894 kalendas
764 2822 895 2914 martii,
919 2823 1108 2898 indictione
1120 2825 1204 2896 Vll.

799 3142 1129 3156 ——--—---·..--.--.-.--...
1138 3149 1170 3156 ...
1192 3149 1199 3155 ,-
1209 3149 1311 3157 ....-...

440 3454 549 3543 ,5333
637 3424 842 3532 HenrieuS,
862 3426 1123 3508 Romanorum
1142 3451 1232 3530 rex,
1253 3433 1413 3508 testetur
1431 3434 1612 3510 stratum
1629 3427 1746 3510 habet
1763 3428 1867 3538 quod
1886 3428 1995 3511 Cun-

583 3558 701 3640 redus
726 3558 909 3668 pincerna
927 3560 975 3641 de
992 3558 1264 3643 Wintersteten
1289 3561 1464 3672 episcopo
1488 3562 1754 3672 Retisponensi
1771 3563 1819 3646 de
1839 3563 1994 3673 praedio

584 3716 654 3774 suo
672 3691 712 3771 in
722 3689 851 3773 Husen
870 3690 919 3773 Vl
937 3690 1056 3772 libras
1072 3691 1325 3799 Augustensis
1342 3705 1516 3778 monetae
1534 3696 1795 3805 resignaverit,
1811 3695 1859 3779 de
1876 3722 1993 3778 manu

583 3822 748 3931 episcopi
775 3848 845 3933 pro
873 3822 987 3906 leudo
1006 3822 1254 3933 recipiendas.

667 4036 763 4115 (Edit.
783 4039 815 4097 ln
832 4038 932 4114 llmu,
955 4034 1025 4098 Cod.
1050 4034 1167 4117 diprlom.
1184 4037 1315 4113 aaran,
1329 4046 1353 4099 t
1368 4040 1397 4118 1,
1410 4058 1440 4118 p.
1457 4049 1531 4110 att,
1555 4050 1588 4101 n⁰
1607 4048 1683 4121 tto,
1695 4046 1777 4101 -et
1793 4057 1843 4118 op.
1864 4040 1993 4101 Monam.

702 4143 798 4219 Boin,
811 4149 885 4205 tom.
900 4144 997 4221 XXX,
1012 4160 1081 4222 pars
1094 4147 1131 4225 1¹,
1146 4164 1177 4224 p.
1195 4155 1319 4220 21ηο
1334 4155 1403 4218 tto,
1418 4164 1458 4209 ex
1470 4149 1606 4227 odglnoll
1619 4148 1699 4211 unde
1718 4147 1849 4226 ntglllum
1860 4147 1997 4209 nonnlbll

703 4252 816 4313 lassum
830 4252 974 4329 appendet
987 4268 1024 4313 ex
1045 4260 1196 4331 segmento
1209 4252 1470 4334 membranaceo.)¹

636 4436 696 4527 ll,
714 4436 777 4509 Dei
799 4434 910 4530 gratia
927 4436 1156 4507 llomanorum
1172 4458 1237 4509 rex
1260 4455 1397 4533 semper
1420 4444 1613 4531 augustus,
1643 4436 1813 4510 universis
1837 4434 1997 4511 fidelibus

585 4560 659 4633 suis
677 4582 817 4656 presens
831 4559 997 4655 scriptum
1015 4559 1229 4633 intuentibus
1244 4560 1389 4654 gratiam
1408 4582 1506 4633 suam
1531 4570 1565 4633 et
1581 4582 1684 4633 omne
1702 4560 1846 4633 bonum.
1862 4562 1996 4634 Tenore

585 4684 795 4778 presentium
812 4692 931 4756 notum
950 4704 1027 4755 esse
1043 4684 1206 4757 volumus
1219 4685 1393 4760 universis
1408 4683 1507 4779 quod
1521 4683 1634 4757 fidelis
1649 4693 1763 4756 noster
1778 4684 1816 4756 C.
1833 4684 1997 4779 pincerna

587 4806 633 4879 de
647 4806 889 4878 Wintersteten
910 4806 1034 4879 dilecto
1060 4808 1206 4903 principi
1227 4816 1343 4881 nostro
1360 4807 1550 4882 venerabili
1574 4807 1812 4903 llatisponensi
1835 4807 1997 4903 episeopo
