4859 6359
363 777 465 840 morer.
481 773 525 856 7.]
813 768 1014 832 bisacuta
1039 767 1336 830 otntomtrtctt
1723 771 1782 836 663

362 911 510 986 eeclesia
522 930 570 982 ox
587 905 731 1000 antiquo
747 905 954 1000 pertinuisse
971 905 1201 1000 dignoscitur,
1219 904 1364 1001 imperio
1382 903 1523 978 duxerit
1542 904 1777 1000 retinendam,

363 1034 533 1130 promisso
542 1031 609 1127 ipsi
625 1028 771 1104 ecclesie
778 1030 987 1125 competenti
998 1038 1173 1120 testatum
1190 1029 1336 1102 sicutex
1347 1028 1600 1124 privilegiosuo
1611 1030 1775 1128 patetlt),

361 1157 460 1252 qood
476 1166 511 1229 et
528 1177 592 1228 nos
607 1153 777 1228 duximus
789 1151 1074 1248 approbandum
1094 1174 1232 1248 nospro
1246 1153 1356 1226 salute
1369 1152 1479 1248 ipsius
1495 1153 1600 1246 patris
1619 1155 1724 1230 nostri
1738 1176 1779 1227 aa

363 1290 498 1371 nostra,
519 1281 556 1352 in
572 1278 869 1375 partemresteuri
884 1278 1109 1365 contulimus,
1131 1277 1338 1353 tradidimus
1355 1286 1389 1351 et
1407 1276 1614 1350 donavimus
1627 1278 1778 1373 predicta

363 1404 509 1477 ecclesie
532 1413 569 1476 et
591 1402 863 1495 canonicis-eius
876 1404 937 1495 jus
956 1411 1156 1498 patronatus
1175 1401 1339 1497 parocbia
1361 1402 1476 1477 Sancti
1501 1402 1602 1477 Blasii
1629 1405 1777 1476 Northu-

362 1528 474 1600 sensis
491 1535 526 1600 et
539 1525 709 1621 quioquid
715 1527 807 1620 juris
817 1527 1000 1622 imwrium
1015 1535 1051 1600 et
1071 1548 1135 1600 nos
1152 1525 1341 1598 habuimus
1356 1525 1392 1596 in
1409 1525 1551 1612 eadem,
1572 1535 1610 1600 ut
1624 1526 1778 1602 decanus

361 1664 397 1724 et
423 1652 612 1747 capitulum
636 1653 774 1746 plenam
795 1661 829 1722 et
855 1651 1000 1724 liberam
1027 1651 1180 1724 habeant
1204 1651 1399 1724 facultatem
1426 1649 1610 1724 ordinandi
1636 1651 1681 1724 da
1701 1653 1778 1747 ipsa

362 1776 527 1870 parocbia
544 1775 713 1870 quiequid
731 1776 900 1870 placuerit
913 1775 1085 1848 voluntati
1096 1796 1235 1866 eornm,
1255 1773 1330 1848 sive
1352 1773 1525 1846 voluerint
1543 1775 1590 1848 ad
1613 1797 1778 1870 augmen-

362 1907 436 1972 tum
445 1897 701 1994 prebendarum
714 1920 855 1972 suarnm
870 1906 1071 1972 convertere
1078 1898 1211 1971 boatus
1226 1899 1258 1990 ej
1263 1920 1316 1991 us,
1330 1898 1405 1972 siva
1412 1899 1457 1971 ad
1467 1920 1551 1972 usus
1561 1900 1660 1992 alios,
1676 1913 1778 1996 prout

362 2023 430 2096 sibi
445 2021 598 2096 viderint
609 2022 788 2118 expedire.
808 2023 853 2094 Ut
864 2022 971 2115 igitur
985 2023 1052 2096 heo
1065 2031 1182 2095 nostra
1196 2020 1337 2096 donatio
1361 2021 1514 2095 debitam
1528 2032 1563 2094 at
1576 2033 1778 2120 perpetuam

361 2146 515 2220 obtineat
529 2145 745 2238 firmitatem,
774 2154 970 2242 presentem
992 2147 1155 2242 paginam
1180 2145 1264 2218 inde
1291 2145 1519 2240 conscriptam
1544 2147 1647 2241 sigilli
1672 2148 1778 2221 nostri

362 2271 577 2367 appensione
600 2271 747 2344 ierimus
764 2271 991 2360 communiri;
1016 2271 1084 2344 snb
1101 2272 1244 2345 obtentu
1262 2271 1371 2364 gratia
1395 2279 1510 2344 nostro
1525 2270 1667 2346 firmiter
1689 2273 1780 2346 inhi-

362 2395 484 2468 bentes
499 2416 545 2468 ne
561 2396 632 2470 nlla
644 2417 792 2491 persona
809 2397 878 2472 alta
893 2397 950 2469 vel
954 2447 1773 2470 .....................

411 2643 537 2718 Actum
553 2667 646 2720 anno
659 2647 795 2720 Domini
810 2646 859 2719 M.
872 2645 935 2720 CC.
951 2646 1093 2718 XXXIV
1110 2643 1178 2742 (2).

578 2922 1438 2934 m—fflW-«m-m-—a
1448 2926 1521 2934 --.--
1528 2927 1534 2932 -
1541 2923 1562 2934 .-

416 3163 621 3274 HenricuS,
639 3167 900 3253 Romanorum
918 3196 1006 3278 rex,
1026 3170 1304 3281 Thegenhardo
1326 3171 1532 3280 imperialis
1555 3172 1665 3255 aulae
1686 3199 1781 3282 pro-
1828 3225 1890 3266 ma
1862 3169 1960 3277 ³⁹5¹„

363 3299 553 3381 tonotmio
585 3307 623 3381 et
648 3301 887 3386 vicedomino
912 3303 1232 3412 Magdeburgensi
1259 3302 1433 3413 indulget
1417 3303 1674 3387 tsaoultatem
1701 3305 1779 3387 eli-

364 3431 479 3540 gendi
498 3433 658 3516 advocat
642 3443 727 3516 tum
745 3461 861 3545 quem
867 3433 1037 3518 voluerit
1053 3436 1275 3519 bonorum
1264 3464 1304 3517 m
1320 3437 1496 3520 Guzstein
1516 3465 1682 3548 quorum
1699 3440 1779 3548 ipse

363 3564 537 3672 provisor
558 3568 705 3675 existit,
724 3577 763 3651 et
784 3570 982 3652 exercendi
1010 3569 1183 3652 bonnm
1210 3571 1363 3681 regium
1380 3571 1542 3678 ibidem,
1567 3599 1689 3682 quum
1708 3571 1779 3682 ipsi

363 3707 400 3779 et
417 3699 598 3782 ecclesiae
623 3701 943 3812 Mugdeburgensi
961 3703 1003 3784 id
1020 3703 1192 3786 bannum
1211 3705 1401 3813 pertinere
1419 3705 1522 3787 velit.

443 3885 548 3990 (mro,
562 3890 723 3966 masur,
738 3889 929 3973 Allpcrner'arr
947 3891 1046 3954 metir
1054 3892 1114 3972 fitr
1127 3891 1174 3952 dia
1191 3893 1308 3954 Prruu.
1324 3895 1440 3954 Smater
1453 3892 1576 3972 (isat),
1596 3910 1665 3970 pars
1678 3895 1775 3973 xv1·‚

480 4011 515 4071 p.
534 3995 619 4075 stt.)

407 4165 611 4258 Heinricus,
648 4169 710 4240 Dei
738 4171 849 4264 gratia
874 4171 1105 4244 Romanorum
1128 4191 1194 4242 rex
1214 4181 1249 4242 et
1277 4191 1411 4264 semper
1438 4180 1627 4264 augustus,
1655 4169 1779 4243 dilecto

364 4284 452 4361 lideli
473 4311 539 4362 sno
553 4291 805 4384 Tbegenbardo
818 4294 1006 4390 imperialis
1023 4295 1102 4368 aule
1120 4294 1378 4390 prothonotario
1396 4305 1430 4368 et
1448 4295 1668 4368 vicedomino
1685 4297 1780 4388 blag-

366 4410 572 4508 deburgensi
583 4417 730 4510 gratiam
747 4441 846 4491 suam
866 4427 901 4491 et
919 4419 1182 4493 omnebonum.
1204 4420 1290 4491 Cum
1305 4415 1613 4514 Magdebnrgensis
1634 4419 1780 4492 ecclesia

398 4697 435 4768 tt)
453 4697 612 4771 Vidsupra,
625 4705 646 4756 t
657 4701 670 4755 1
676 4717 726 4775 ,.p
737 4702 799 4758 881.

400 4792 435 4868 (81
454 4795 522 4852 Cum
536 4796 610 4854 nula
623 4797 676 4854 alia
693 4798 880 4872 chronologica
897 4805 960 4856 nota
976 4805 1118 4873 appareat,
1139 4799 1261 4856 arbitrari
1279 4799 1342 4856 licet
1358 4799 1410 4856 boc
1423 4725 1590 4873 privilegium
1604 4800 1674 4874 apud
1688 4800 1780 4857 Alton-

368 4885 433 4964 brrg
445 4907 541 4952 mensa
549 4895 627 4967 punto
639 4895 684 4954 rel
694 4897 771 4970 julio,
783 4899 854 4956 mart
862 4897 1029 4972 praecedens
1039 4899 1239 4970 documentum
1250 4897 1332 4956 luisse
1342 4898 1443 4956 datum

1851 3277 1934 3331 stunt.
