4859 6359
608 827 667 887 'teo
1103 824 1316 886 balbutiet
1341 825 1517 886 SRGUND!
1825 828 1905 906 [am.
1924 829 2013 892 12³5.

608 961 694 1034 illud
713 962 878 1034 innovare
890 969 925 1033 et
942 983 983 1032 ea
997 969 1068 1055 que
1086 961 1302 1034 continentur
1324 959 1361 1032 in
1387 960 1463 1056 ipso
1481 959 1684 1034 confirmare
1705 959 1751 1034 de
1771 971 1887 1036 nostra
1905 965 2017 1058 mia

610 1084 845 1181 dignaremur.
864 1083 968 1177 Cujus
981 1083 1153 1180 privilegii
1171 1089 1268 1156 tenor
1288 1083 1365 1157 talis
1380 1091 1457 1156 est:

659 1212 698 1282 ln
717 1211 857 1283 nomine
870 1217 988 1282 sancte
1004 1217 1040 1282 et
1056 1207 1241 1282 individue
1256 1207 1439 1280 Trinitatis.
1457 1207 1638 1280 Heinricns
1654 1207 1714 1298 Vl,
1742 1205 1862 1282 divina
1878 1208 2016 1282 favente

612 1336 791 1408 clementia
807 1336 1037 1406 Romanorum
1052 1333 1236 1428 imperator
1252 1340 1286 1404 et
1302 1352 1438 1426 semper
1456 1339 1636 1425 augustus.
1658 1331 1752 1404 Licet
1769 1330 1817 1404 ad
1837 1331 2017 1406 universus

613 1460 776 1533 ecclesias
786 1459 849 1530 Dei
860 1468 894 1530 et
901 1479 1065 1554 personas
1075 1457 1320 1530 ecclesiasticas
1332 1453 1545 1528 celsitudinis
1556 1463 1670 1528 nostre
1678 1455 1907 1550 patmcinium
1915 1475 2017 1548 gene·

612 1584 727 1658 raliter
745 1582 869 1655 debeat
882 1581 1045 1673 extendi,
1070 1603 1130 1654 eas
1149 1591 1265 1654 tamen
1282 1579 1457 1674 amplioris
1474 1578 1638 1651 nimirum
1661 1579 1779 1652 lavore
1799 1574 2018 1672 benignitatis

612 1721 647 1783 et
659 1708 769 1805 gratie
789 1707 948 1802 amplecti
970 1713 1005 1777 et
1028 1703 1211 1777 contovere
1227 1701 1444 1791 decrevimus
1462 1724 1552 1798 quos
1575 1701 1788 1797 specialioris
1804 1699 2018 1775 debitnmli-

615 1833 763 1906 delitatis
780 1830 989 1903 familiariori
1008 1828 1107 1901 nobis
1125 1827 1309 1902 devotione
1331 1825 1600 1899 commendavit.
1620 1826 1717 1898 Hanc
1731 1845 1815 1899 sane
1834 1826 1926 1897 circa
1939 1845 2017 1897 mo·

616 1957 803 2030 nasterinm
815 1954 930 2028 Sancti
942 1953 1069 2025 Gisleni
1086 1951 1396 2026 considerationem
1411 1951 1578 2024 babentes
1596 1948 1694 2045 qnod
1709 1971 1731 2022 a
1746 1949 1872 2022 noeais
1891 1946 2019 2043 prede-

619 2080 823 2169 cessoribus,
834 2077 997 2151 videlicet
1008 2077 1219 2170 Dagoberto,
1234 2075 1358 2149 Ottone
1368 2075 1480 2166 tertio,
1495 2075 1642 2148 ilenrico
1654 2073 1820 2164 secundo,
1838 2069 2020 2146 Guonradn

620 2209 772 2297 itemque
781 2201 1122 2294 Cnonradoitemque
1132 2200 1279 2272 ilenrico
1287 2199 1400 2293 tertio,
1412 2199 1554 2294 regibus
1564 2207 1599 2272 et
1607 2197 1883 2294 imperatoribus,
1896 2197 2020 2290 legitur

616 2351 693 2402 esse
718 2335 967 2412 constructum,
981 2325 1153 2399 universis
1170 2325 1305 2420 imperii
1322 2325 1429 2398 nostri
1447 2333 1518 2397 tam
1538 2324 1754 2418 presentibus
1774 2345 1879 2418 quam
1897 2324 2020 2396 lntnris

616 2451 779 2526 fidelibus
796 2460 915 2522 notum
927 2448 999 2522 lieri
1015 2449 1175 2522 volumus
1186 2446 1283 2542 quod
1296 2469 1359 2520 nos
1372 2446 1418 2520 ob
1436 2445 1570 2520 firmam
1584 2446 1720 2542 imperii
1731 2447 1897 2542 regnique
1914 2447 2018 2520 nostri

614 2575 833 2649 stabilitatem
850 2581 885 2645 et
899 2572 1137 2644 animenostre
1149 2579 1413 2665 nostrorumque
1432 2577 1612 2666 parentum
1630 2577 1831 2666 perpetuam
1852 2569 2017 2656 salntem,

616 2701 811 2772 interventu
829 2716 969 2789 quoqne
987 2705 1022 2768 et
1037 2695 1200 2790 petitione
1216 2695 1384 2768 carissimi
1401 2692 1513 2768 fidelis
1538 2692 1645 2766 nostri
1662 2692 1869 2770 venerabilis
1891 2691 2022 2766 scilicet

615 2819 808 2908 Gotwuini,
827 2817 982 2911 ejusdem
997 2817 1356 2910 monasteriiabbatis,
1377 2816 1542 2892 laudabili
1559 2831 1700 2912 qnoque
1712 2815 1947 2910 gloriosissimi
1959 2815 2022 2890 do·

616 2943 701 3016 mini
714 2965 755 3014 ae
770 2943 878 3038 patris
891 2941 998 3015 nostri
1016 2940 1201 3014 benedicte
1218 2940 1382 3014 memorie
1392 2940 1567 3038 irederici
1588 2939 1859 3015 christianissimi
1874 2940 2023 3034 impera-

616 3067 700 3140 toris
724 3065 884 3161 exemplo
905 3063 1057 3158 inducti,
1078 3065 1189 3160 ipsam
1208 3065 1324 3138 Sancti
1344 3064 1470 3138 Gisleni
1488 3065 1610 3138 cellam
1626 3065 1674 3137 ita
1696 3084 1837 3159 prorsus
1860 3063 1905 3138 ab
1925 3065 2022 3138 omni

613 3194 690 3285 jore
702 3189 895 3264 mortalium
908 3189 1050 3261 liberam
1058 3187 1154 3284 qnod
1172 3189 1258 3260 nnlli
1270 3209 1317 3262 ex
1333 3187 1578 3284 temporalibus
1591 3195 1703 3283 preter
1720 3195 1906 3260 creatorem
1918 3209 2021 3260 snum

616 3315 726 3385 Deum
743 3313 874 3386 servire
886 3309 1044 3402 deberet,
1065 3322 1213 3406 excepto
1231 3311 1341 3383 solnm
1358 3308 1498 3385 bouoris
1515 3311 1694 3406 largitione
1708 3309 1869 3384 demone
1884 3311 1976 3404 regis
1988 3320 2022 3383 et

618 3436 831 3531 imperatoris
844 3434 933 3507 sicut
946 3431 990 3506 de
1003 3455 1109 3506 mann
1127 3433 1225 3506 liberi
1243 3433 1403 3508 advocati
1417 3425 1633 3530 recipiendap
1654 3434 1722 3507 snb
1738 3443 1854 3507 nostre
1869 3434 2022 3506 tuitionis

621 3557 849 3654 patrocinium
868 3557 1095 3652 suscepimus,
1115 3568 1150 3629 et
1168 3579 1287 3630 omnes
1307 3579 1362 3631 res
1375 3557 1421 3632 ad
1437 3579 1513 3632 eam
1528 3559 1737 3655 pertinentes
1748 3559 1851 3651 juxta
1868 3567 2020 3633 tenorem

616 3680 874 3777 privilegiorum
892 3680 1101 3775 prelatorum
1119 3701 1238 3774 regum
1256 3689 1290 3754 et
1306 3681 1549 3778 imperatomm
1564 3683 1641 3777 lege
1662 3681 1918 3776 inperpetuum
1931 3681 2023 3756 vali-

619 3813 696 3876 tura
708 3803 1038 3878 eidemmonasterio
1050 3824 1272 3896 renovamus,
1291 3813 1324 3878 et
1341 3805 1509 3902 imperiali
1523 3805 1723 3881 auctoritate
1736 3803 2022 3880 confirmamusin

617 3929 710 4012 omni
723 3927 939 4023 possessione
947 3930 1021 4021 jam
1034 3929 1289 4022 dicteecclesie,
1306 3931 1467 4006 videlicet
1481 3932 1518 4004 iu
1536 3931 1649 4018 terris,
1670 3931 1707 4002 in
1723 3933 1842 4025 pratis,
1862 3929 2018 4022 mauvis,

615 4054 651 4125 in
668 4053 786 4146 aquis,
813 4053 850 4122 in
865 4052 956 4125 villis
974 4061 1009 4126 et
1026 4053 1062 4126 in
1076 4055 1186 4128 servis
1201 4055 1336 4130 nullum
1351 4053 1558 4129 advocatum
1573 4061 1687 4148 preter
1702 4054 1864 4130 abbatem
1878 4053 2017 4127 habers.

615 4179 706 4250 Sane
722 4197 841 4255 servos
854 4179 1105 4274 cujuscumque
1116 4179 1284 4271 civitatis,
1315 4181 1418 4254 castri
1435 4202 1498 4254 seu
1510 4179 1650 4254 alterins
1669 4177 1735 4251 loci
1748 4171 1859 4252 incole
1872 4176 2018 4268 inerint,

615 4303 691 4393 lege
711 4302 805 4374 nulla
820 4301 1030 4397 impediente
1039 4324 1104 4376 sue
1118 4305 1262 4377 ecclesie
1274 4305 1351 4397 lege
1368 4302 1548 4377 adstrictos
1559 4303 1746 4397 abbatique
1767 4325 1809 4375 ao
1831 4303 1862 4375 si
1881 4303 2022 4376 domino

615 4434 649 4496 et
663 4423 834 4498 advocato
850 4445 915 4497 soo
931 4446 993 4519 per
1013 4427 1130 4499 omnia
1153 4427 1343 4500 servituros
1358 4426 1506 4521 pmvida
1521 4425 1645 4520 judicii
1667 4426 1799 4522 ratione
1821 4425 2017 4500 asserimus.

614 4547 802 4620 Statnimns
817 4547 922 4620 etiam
938 4557 977 4620 nt
988 4548 1150 4623 defuncto
1165 4549 1291 4624 abbate
1309 4550 1430 4624 iratres
1449 4548 1607 4644 eiusdem
1625 4549 1852 4639 monasterii„
1862 4551 2022 4624 invocata

615 4672 730 4744 Sancti
747 4672 895 4767 Spiritus
920 4674 1049 4766 gratia,
1079 4674 1245 4748 idoneum
1271 4683 1306 4748 et
1321 4674 1441 4748 utilem
1465 4682 1631 4750 rectorem
1654 4673 1723 4748 sibi
1747 4674 1855 4748 libere
1873 4674 2020 4769 eligant,

613 4795 675 4888 qni
693 4803 846 4889 tempore
861 4806 1031 4890 oportuno
1047 4799 1219 4894 presentie
1232 4799 1339 4892 regali
1359 4799 1435 4900 sive
1451 4797 1622 4893 imperiali
1638 4817 1676 4872 se
1689 4797 1873 4887 exhibeat,
1889 4799 2023 4870 attactu

614 4917 709 5012 regie
728 4919 804 4994 sive
827 4921 1047 5016 imperatorie
1058 4922 1227 5014 maiestati
1247 4923 1418 5015 hominio,
1439 4923 1677 4998 investituram
1694 4923 1833 4998 abbatie
1853 4923 1900 4996 do
1914 4943 2019 4996 mann
