4859 6359
555 692 650 751 lantes.
666 689 709 772 d]
1008 690 1202 752 ttlstottla
1229 690 1521 754 llleoblAl'lCd.
1908 699 1965 761 'tot

556 835 704 898 nostram
727 823 793 896 sibi
821 821 983 912 tradidit;
1015 825 1117 901 feoda
1140 847 1226 900 vero
1252 849 1322 920 que
1349 827 1425 922 ipse
1450 829 1605 920 tenebat,
1631 829 1795 902 videlieet
1820 853 1882 927 per
1907 835 1964 908 di·

554 948 678 1020 lectum
697 946 887 1042 principem
906 957 1060 1020 nostrum
1077 948 1391 1043 Babinbergeusem
1411 960 1447 1024 et
1465 951 1747 1046 Herbipoleusem
1765 954 1959 1051 episcopos,

555 1067 665 1141 sidem
688 1070 897 1164 assignavit,
923 1069 1079 1164 predicto
1103 1071 1381 1166 babenbergensi
1404 1074 1467 1167 qui
1483 1095 1625 1169 presens
1639 1084 1712 1148 erat
1728 1065 1960 1170 primitus're

553 1193 742 1287 signando,
763 1193 964 1287 subscriptis
985 1194 1240 1267 conditionibus
1260 1206 1295 1268 et
1312 1195 1422 1290 pactis
1439 1197 1476 1268 iu
1494 1197 1616 1270 eadem
1638 1198 1823 1272 traditione
1843 1211 1879 1272 et
1904 1221 1958 1274 as·

553 1315 742 1408 signatione
764 1317 875 1388 taliter
891 1317 1216 1407 intervenientibus,
1234 1318 1332 1412 quod
1348 1319 1395 1392 ab
1415 1319 1499 1392 binc
1510 1341 1623 1414 usque
1636 1322 1683 1394 ad
1705 1323 1830 1396 festum
1849 1325 1960 1398 sancti

553 1439 687 1512 blartini
712 1440 872 1535 proximo
902 1450 1086 1514 venturum
1113 1451 1218 1514 etex
1242 1450 1327 1515 tunc
1356 1465 1469 1537 usque
1495 1442 1542 1516 ad
1567 1464 1698 1516 aunum
1724 1467 1834 1518 unum
1857 1469 1959 1520 oom-

552 1563 681 1657 pletnm
697 1563 733 1634 in
757 1561 882 1636 eodem
910 1565 997 1638 testo
1023 1565 1138 1638 dictus
1160 1564 1362 1639 Gottitridus
1381 1578 1415 1639 et
1435 1566 1580 1640 beredes
1598 1569 1653 1641 sui
1673 1569 1791 1642 omnia
1807 1570 1959 1663 predicta

553 1687 640 1760 bona
660 1709 740 1760 cum
758 1687 972 1782 pertinentiis
988 1689 1061 1761 suis
1081 1689 1183 1784 pleno
1195 1690 1276 1781 jure
1290 1690 1328 1762 in
1351 1689 1459 1762 libera
1480 1700 1515 1762 et
1534 1690 1653 1784 quieta
1674 1693 1890 1786 possessione
1906 1707 1959 1767 te-

552 1811 697 1901 nebunt3
723 1809 771 1882 ita
787 1811 883 1905 quod
899 1811 929 1883 si
948 1813 1117 1907 completo
1134 1834 1226 1886 anno
1254 1811 1470 1907 insequenti
1497 1815 1583 1886 sesto
1604 1813 1699 1886 beati
1719 1816 1856 1886 Martini
1878 1837 1957 1910 pre·

551 1935 640 2006 latus
664 1935 846 2006 Gualterus
865 1935 958 2008 mille
983 1957 1117 2008 mareas
1144 1937 1224 2031 puri
1249 1937 1383 2030 argenti
1409 1937 1552 2010 solverit
1575 1936 1689 2010 eidem
1712 1937 1899 2012 Gottelrido
1925 1952 1961 2015 et

552 2055 739 2131 heredibus
755 2059 842 2149 suia,
865 2057 960 2132 idem
980 2059 1192 2134 Gottelridus
1206 2060 1264 2134 vel
1281 2059 1428 2134 heredes
1444 2061 1501 2134 aui
1514 2069 1584 2134 tam
1602 2061 1793 2155 predictum
1810 2073 1960 2136 castrum

550 2201 653 2275 quam
678 2183 766 2257 alios
790 2182 947 2258 redditus
969 2183 1037 2256 sibi
1059 2184 1239 2258 restituere
1258 2193 1427 2256 teneatur.
1448 2184 1484 2257 Si
1511 2206 1594 2258 vero
1613 2185 1761 2258 termino
1782 2195 1960 2281 pretaxato

551 2303 641 2376 idem
659 2305 841 2378 Gualterus
867 2327 937 2378 nou
961 2307 1102 2380 solverit
1122 2305 1314 2401 predictam
1339 2307 1490 2402 psoume
1514 2311 1757 2402 quantitatem,
1783 2309 1960 2402 predictus

550 2425 757 2503 Gottilredus
774 2438 809 2503 et
827 2429 972 2503 heredes
989 2430 1045 2502 sui
1062 2429 1258 2526 predictum
1276 2441 1427 2503 castrum
1443 2431 1663 2505 Soeulteburc
1681 2453 1762 2505 eum
1781 2434 1959 2527 pertiuen-

551 2551 606 2623 tiis
627 2553 700 2625 suis
723 2563 758 2626 ot
776 2552 934 2626 redditus
960 2563 1100 2628 cantum
1127 2556 1333 2628 talentorum
1354 2559 1434 2650 juro
1462 2565 1629 2652 perpetuo
1648 2565 1720 2628 tam
1744 2558 1961 2651 proprietatis

549 2674 647 2748 titulo
660 2675 697 2748 in
714 2675 783 2750 biis
799 2699 869 2772 que
882 2677 1019 2774 propria
1033 2687 1115 2750 suut
1129 2703 1233 2774 mam
1245 2682 1324 2772 jure
1337 2680 1465 2752 feodali
1482 2681 1517 2750 in
1534 2679 1727 2752 feodalibus
1741 2682 1955 2773 retinebuut,

550 2795 623 2868 sine
639 2795 907 2870 contradictione
920 2799 977 2870 vel
993 2799 1153 2872 molestia
1168 2800 1315 2892 alicujus
1328 2800 1446 2894 quiete
1459 2810 1495 2872 et
1508 2797 1651 2894 pacifice
1667 2799 1904 2896 possidenda(
1929 2801 1956 2898 ).

548 2919 590 2992 tlt
605 2929 720 2992 autem
742 2920 895 3015 predicta
909 2923 1092 2996 conventio
1109 2935 1144 2998 et
1164 2925 1350 2998 satisfactio
1364 2925 1401 2996 in
1424 2945 1490 2996 suo
1513 2924 1636 2997 robore
1652 2936 1891 3020 perseverent,
1912 2928 1957 3000 ad

548 3045 702 3136 ejusdem
731 3045 781 3117 rei
805 3047 1008 3120 memoriam
1035 3058 1227 3146 presentem
1257 3048 1491 3121 memorialem
1517 3049 1680 3142 paginam
1709 3047 1783 3121 lieri
1811 3050 1956 3124 lecimus

548 3174 579 3238 et
597 3167 709 3262 sigillo
727 3178 842 3241 nostro
856 3169 1021 3261 jussimus
1038 3171 1255 3244 communiri.

592 3293 709 3365 Testes
732 3301 848 3365 autem
871 3295 931 3388 qui
957 3295 1184 3367 interfuerunt
1210 3304 1292 3366 sunt
1315 3320 1326 3365 z
1348 3291 1540 3366 Ekebertus
1563 3295 1851 3386 Babinbsrgensis
1880 3295 1954 3393 epi·

546 3435 686 3511 soopus,
712 3416 895 3490 Simfridus
918 3417 1171 3513 llatisponeusis
1193 3418 1375 3514 episcopus
1396 3417 1583 3512 imperialis
1605 3419 1685 3491 aule
1710 3420 1949 3510 cancellarius,

545 3539 585 3610 H.
609 3540 834 3634 landgravius
863 3541 1068 3636 Thuringis,
1089 3541 1129 3612 B.
1152 3541 1229 3616 dux
1251 3541 1446 3630 Kerinthie‚
1475 3594 1540 3614 ...
1567 3543 1721 3616 marchio
1745 3544 1791 3616 de
1812 3543 1951 3636 Baden,

545 3663 647 3736 trater
668 3665 710 3736 ll.
735 3666 899 3757 magister
924 3665 1049 3738 domus
1073 3666 1359 3738 Theotouieorum
1385 3665 1422 3736 in
1448 3667 1656 3753 Jerusalem,
1679 3665 1717 3737 C.
1749 3665 1953 3740 burcravius

545 3785 587 3859 de
607 3789 832 3880 Nurembero,
852 3788 1015 3862 Albertus
1037 3788 1082 3862 de
1097 3789 1300 3877 llotenvels‚
1324 3787 1524 3862 Wollradus
1547 3789 1592 3863 de
1613 3789 1805 3877 Crutbsim,
1824 3791 1950 3886 Engel·

545 3907 673 3982 hardus
698 3910 743 3984 de
762 3913 922 4006 Osterna,
945 3913 983 3985 C.
1004 3913 1169 4008 pinosma
1192 3913 1238 3987 ds
1256 3913 1526 4000 Winterstetten,
1545 3913 1583 3984 C.
1611 3913 1775 4008 pincerna
1795 3912 1840 3988 de
1859 3915 1951 3987 Clin-

545 4033 685 4125 geburc,
703 4033 898 4108 Fridericus
916 4038 962 4112 ds
974 4037 1195 4130 Kezrelburc,
1216 4039 1255 4112 C.
1280 4037 1326 4110 de
1348 4036 1567 4128 Smidelvelt,
1589 4033 1778 4109 Gottlridus
1796 4037 1842 4111 de
1856 4041 1950 4112 Solz-

544 4155 637 4249 bnrc,
659 4161 702 4230 H.
720 4158 765 4232 ds
781 4160 925 4256 Lapide,
941 4161 1124 4234 Otnaudus
1143 4162 1188 4235 de
1203 4163 1408 4253 Essenowe,
1425 4163 1525 4254 lingo
1537 4161 1582 4234 de
1592 4161 1706 4252 Sulzs,
1721 4163 1948 4256 Marquardue

544 4277 585 4352 de
597 4282 723 4373 Sosim,
743 4281 953 4357 Gottelridus
967 4286 1066 4358 miles
1082 4285 1127 4358 de
1149 4286 1292 4359 llobello
1309 4285 1376 4382 (2),
1393 4296 1428 4358 et
1444 4285 1503 4357 alii
1521 4287 1754 4381 quamplures.

544 4483 1118 4502 *uu-nm—-n-——v——nn-—-0-—›-—.
1614 4493 1939 4504 -ρ--ι--ι--ι--ο-ο-

574 4611 610 4686 lt)
626 4613 668 4672 ct.
679 4615 748 4673 intra
758 4617 948 4676 documentum
961 4619 995 4676 de
1006 4621 1181 4678 conventione
1193 4621 1289 4678 eadem
1303 4637 1367 4677 ann.
1381 4623 1450 4679 ⁴2³⁷
1461 4635 1554 4678 meme
1565 4619 1638 4678 maio
1647 4620 1795 4678 reducunt

575 4709 610 4783 (2)
628 4711 678 4768 llic
694 4719 784 4771 autem
794 4729 849 4772 non
861 4721 921 4773 erat
932 4716 967 4772 de
980 4717 1064 4791 stirps
1076 4717 1238 4775 llobsnloica
1256 4718 1401 4790 oriundus,
1415 4716 1661 4791 seditantrrmmodo
1673 4717 1751 4775 miles
1760 4718 1818 4775 sire
1830 4718 1945 4778 vasallus

543 4807 682 4866 castrensis
691 4809 864 4886 (barprnnnn)
876 4830 883 4883 3
895 4812 949 4870 bue
959 4813 1094 4887 pertinent
1102 4813 1180 4872 solita
1192 4815 1293 4873 rerba:
1304 4824 1423 4874 manen
1435 4816 1473 4875 N.
1486 4832 1549 4873 cam
1559 4814 1685 4873 annitar
1695 4815 1851 4875 bominibus
1858 4816 1945 4875 eidem

614 4905 668 4968 IV.
689 4923 778 4969 Parad.
1747 4924 1786 4977 96
