4859 6359
976 748 1284 811 anniuersarias
1774 746 1834 810 9³9

429 888 510 963 dem
529 886 577 961 ad
594 887 744 959 invioem
762 906 843 958 enm
859 884 911 958 eis
925 883 971 958 de
985 884 1062 980 ipsa
1080 906 1167 981 paee
1184 894 1221 958 et
1237 883 1420 958 coneordia
1439 884 1618 979 diligenter
1631 876 1828 957 tractantes.

429 1013 662 1108 desponsione
673 1031 758 1084 vero
770 1011 860 1083 laeta
869 1010 915 1081 ab
929 1009 1015 1103 ipsis
1026 1011 1229 1101 rectoribus,
1244 1010 1307 1082 iter
1319 1030 1436 1081 eorum
1451 1010 1648 1081 festinanter
1658 1009 1832 1083 llavenam

428 1136 474 1211 ad
490 1135 623 1209 domini
639 1133 853 1229 imperatoris
870 1134 1077 1228 presentiam
1097 1132 1246 1228 dirigere
1263 1141 1466 1212 statuerunt.
1493 1132 1649 1226 Cumque
1663 1140 1779 1205 essent
1795 1132 1831 1206 in

429 1260 562 1349 itinere,
583 1259 676 1333 idem
691 1257 852 1331 domium
869 1258 1056 1353 imperator
1072 1257 1118 1331 de
1136 1278 1255 1331 eorum
1268 1256 1462 1350 intelligens
1476 1256 1630 1330 adventu
1644 1255 1702 1329 die
1717 1255 1834 1330 domi-

428 1384 572 1456 nioollll
584 1382 712 1455 mensis
723 1382 838 1455 martii
850 1382 941 1453 inter
951 1402 1078 1454 nonam
1088 1390 1124 1455 et
1132 1402 1296 1476 vesperas
1307 1402 1386 1453 eum
1397 1400 1502 1476 parva
1512 1381 1614 1452 turba
1627 1380 1773 1454 militum
1787 1380 1833 1453 de

428 1507 502 1601 ipsa
514 1506 677 1602 privatim
690 1505 814 1579 exiens
826 1505 978 1597 civitate,
993 1504 1183 1599 equitando
1200 1504 1246 1577 ad
1262 1506 1365 1577 maris
1383 1504 1540 1601 pervenit
1555 1503 1687 1593 littora;
1706 1503 1834 1577 deinde

430 1650 571 1703 eorsum
581 1628 781 1723 navigando
796 1649 858 1723 per
871 1628 956 1701 Padi
967 1628 1081 1701 undas
1092 1630 1270 1701 loeretum
1288 1626 1428 1718 direxit,
1441 1626 1488 1699 ibi
1503 1648 1634 1699 moram
1649 1626 1789 1718 faciens,
1802 1636 1836 1699 et

431 1774 511 1825 eum
535 1751 816 1825 ambaxatoribus
838 1750 980 1824 Venetia
1001 1751 1065 1823 luit
1087 1752 1234 1842 loeutus,
1255 1751 1374 1824 dioens
1391 1759 1425 1823 et
1443 1750 1493 1823 eis
1508 1770 1701 1845 proponens
1720 1749 1836 1821 limina

431 1876 524 1949 beati
532 1876 662 1949 lllarolri
671 1876 812 1949 visitare
820 1875 1057 1972 proposuisse3
1071 1876 1249 1971 postulans
1258 1884 1297 1947 ut
1305 1876 1341 1946 in
1349 1874 1472 1947 eadem
1480 1874 1619 1947 civitate
1629 1874 1742 1969 ipsum
1755 1895 1835 1945 oum

432 2000 533 2072 turba
546 2021 610 2071 sua
618 2000 771 2095 recipere
780 1999 957 2072 deberent.
967 2000 1052 2071 Cum
1062 2008 1178 2071 autem
1189 1998 1699 2093 cognovissentoraeula'Saneti
1710 1996 1837 2071 Marehi

432 2125 572 2197 visitare
582 2123 754 2216 statuisse,
761 2123 924 2197 conscilio
934 2123 1184 2196 eommunicato
1196 2122 1242 2195 ad
1255 2122 1413 2196 eamdem
1422 2121 1838 2195 concesseruntaoeedere

432 2244 620 2339 civitatem,
640 2268 771 2320 moram
788 2268 874 2321 vero
894 2247 943 2319 ibi
960 2247 1091 2321 laeiens
1106 2268 1167 2341 per
1192 2256 1343 2341 quatuor
1359 2248 1415 2319 vel
1429 2247 1584 2341 quinque
1599 2246 1686 2320 dies.
1704 2246 1838 2319 Deinde

433 2370 479 2444 de
495 2393 537 2444 ea
550 2371 672 2443 exiam
685 2371 835 2460 civitate,
848 2392 909 2466 per
921 2371 1028 2443 maris
1042 2370 1155 2444 undas
1171 2371 1221 2443 sie
1232 2370 1432 2463 navigando
1447 2370 1664 2466 Aquilegiam
1676 2370 1838 2444 accedere

432 2495 619 2585 festinavit,
640 2496 819 2567 locuturus
837 2516 916 2566 oum
930 2493 1110 2567 allemanie
1129 2494 1355 2591 principibus.
1386 2496 1513 2567 Verum
1536 2494 1620 2589 quia
1648 2494 1838 2569 cardinales

433 2619 548 2715 ipsum
569 2618 728 2691 invenire
748 2618 890 2691 minime
905 2628 1090 2714 potuerunt
1108 2629 1144 2690 et
1163 2616 1233 2691 lide
1248 2619 1365 2691 relicta
1384 2616 1614 2691 indecentera
1630 2619 1770 2691 Ravene
1790 2617 1838 2689 ei-

435 2742 541 2815 vitate
562 2749 764 2833 eeoesserat,
786 2740 884 2835 quod
908 2751 961 2814 est
988 2750 1105 2815 eontra
1129 2740 1255 2813 summi
1277 2740 1446 2837 pontilicis
1472 2741 1638 2814 honorem
1661 2740 1787 2836 pariter
1807 2751 1842 2812 et

435 2864 687 2951 excellentiam,
709 2865 814 2939 valde
828 2874 913 2937 sunt
928 2864 1029 2938 mesti
1044 2876 1079 2939 et
1095 2864 1281 2961 plurimum
1304 2864 1444 2937 turbati.
1468 2865 1534 2949 Qui
1554 2864 1601 2938 ad
1621 2864 1773 2937 Bononie
1795 2864 1842 2935 ei·

435 2989 572 3062 vitatem
601 2989 773 3063 redientes
797 2990 989 3063 rectoribus
1012 2999 1047 3062 et
1070 2988 1353 3063 ambaxatoribus
1378 2988 1549 3061 societatis
1576 2986 1780 3062 Lombardie
1805 2990 1841 3062 in

435 3113 607 3189 mandatis
624 3112 797 3189 dederunt
809 3123 848 3187 ut
862 3112 1070 3209 quilibetad
1083 3133 1148 3186 sua
1159 3112 1309 3187 debehat
1322 3112 1434 3187 redire
1447 3114 1597 3209 propria.

649 3396 1188 3406 m—--mn-..01-
1197 3396 1295 3404 ..α-..ο-
1302 3394 1457 3405 ι--αι-...ι-ο-
1462 3394 1625 3403 *nn-uanum·-

492 3644 723 3757 Friderious,
752 3648 1012 3732 Romanorum
1047 3597 1268 3758 imperator,
1296 3648 1347 3731 ad
1377 3646 1689 3757 supplicationem
1719 3647 1843 3731 Bam-
1928 3646 1992 3693 ³¹¹⁶

439 3776 635 3889 bergensis
652 3780 833 3890 episcopi,
853 3782 1084 3864 monasterio
1101 3780 1245 3887 [Sancti
1263 3781 1428 3891 Georgii}
1456 3782 1504 3865 de
1531 3780 1634 3864 Stein
1660 3780 1843 3866 telonium

440 3913 542 4020 apud
559 3912 701 3996 Merlet
717 3923 755 3995 et
772 3922 964 3997 monetam
985 3914 1026 3997 in
1045 3914 1170 3998 Steine
1187 3914 1400 3999 confirmat.
1521 3908 1523 3913 ’

520 4116 669 4196 (tamea
687 4121 892 4197 mnasonem
905 4119 1017 4181 mltum
1030 4136 1079 4197 ep.
1098 4118 1220 4197 Mum,
1234 4120 1288 4179 Die
1300 4118 1473 4180 Braeteuten
1486 4116 1537 4179 der
1553 4118 1691 4197 Selweiz,
1703 4138 1734 4199 p.
1749 4130 1798 4196 66,
1813 4126 1845 4183 ln

560 4221 758 4307 Millltta‘latnq.
772 4224 825 4287 det·
841 4227 991 4308 antiquar.
1004 4222 1143 4309 puellule
1160 4226 1194 4286 t'tt
1209 4224 1334 4305 ludat,
1349 4232 1371 4288 t.
1387 4226 1448 4299 ΙΙΙ,
1462 4242 1499 4285 ex
1513 4226 1680 4307 apographo
1693 4228 1845 4291 Klrehho·

558 4331 635 4393 lerli.
651 4332 750 4409 Hujus
763 4334 912 4412 privilegll
928 4334 1010 4412 quod
1026 4350 1116 4411 supra
1128 4334 1366 4406 memoravimus,
1382 4350 1412 4410 p.
1430 4341 1498 4403 329,
1514 4350 1593 4393 nuno
1611 4340 1727 4410 partem
1745 4335 1845 4397 edesse

559 4438 684 4497 libenter
696 4440 891 4515 suadeamur,
905 4442 1035 4501 maxime
1047 4443 1073 4501 sl
1086 4440 1126 4501 ad
1139 4439 1391 4503 oonflrmatlonem
1408 4438 1528 4500 Henriol
1545 4443 1662 4517 septimi
1674 4442 1775 4503 oeulos
1793 4460 1846 4505 re-

560 4540 715 4607 ducamus.
730 4542 776 4607 Cf.
793 4561 894 4623 supra,
908 4562 939 4623 p.
956 4546 1037 4621 666.)

492 4714 697 4806 Friderious,
719 4720 780 4791 Dei
800 4722 909 4812 gratia
921 4722 1149 4795 Romanorum
1168 4722 1353 4815 imperator
1369 4744 1503 4817 semper
1518 4732 1707 4815 augustus,
1728 4724 1845 4797 lliero·

442 4838 575 4933 solyme
587 4848 622 4913 et
636 4841 750 4915 Sicilie
764 4862 841 4917 rex.
860 4844 924 4918 Per
939 4852 1078 4941 presens
1095 4847 1259 4942 seriptum
1274 4856 1392 4919 notum
1410 4846 1480 4919 fieri
1501 4848 1660 4920 volumus
1676 4848 1847 4922 universis
