4859 6359
890 857 1016 917 INDEX
1041 855 1390 919 bocuuaurouuu.
1782 847 1842 909 971

443 1061 556 1137 itti

433 1166 570 1265 aprili-
627 1187 754 1265 Capuae.
812 1218 855 1233 -
872 1187 922 1247 Ad
943 1188 1100 1248 consilium
1122 1188 1249 1248 duorum
1271 1186 1481 1262 cardinalium,
1494 1186 1646 1261 nogotium
1667 1180 1786 1241 iliorum
1808 1175 1845 1235 77

854 1284 1044 1357 lombardia,
1060 1284 1099 1344 de
1120 1285 1252 1345 marchia
1273 1285 1397 1345 Trevisii
1420 1290 1449 1344 et
1472 1279 1665 1349 Romanula,
1680 1283 1743 1337 tam
1758 1289 1845 1351 super

853 1380 1021 1441 detentione
1033 1382 1175 1457 regalium
1188 1398 1278 1458 quam
1298 1380 1335 1440 de
1352 1379 1515 1456 praeteritis
1527 1374 1708 1447 excessibus,
1730 1386 1846 1432 summo

855 1477 988 1553 pontiflci
1000 1485 1031 1538 77
1042 1478 1188 1539 1777177777
1200 1480 1350 1539 Romanae
1363 1478 1531 1537 committit.
1786 1475 1843 1528 765

446 1576 555 1634 477777.
592 1613 801 1635 .......
816 1604 857 1618 -
876 1574 1008 1635 Thomas
1030 1576 1068 1635 77
1092 1575 1276 1651 Montenigro
1291 1575 1450 1651 justitiario
1476 1572 1660 1647 Principatus
1686 1573 1717 1628 77
1740 1567 1846 1627 Terrae

855 1670 1081 1732 Beneventanus
1094 1672 1215 1732 mandat
1227 1677 1262 1731 ut
1275 1671 1416 1731 vassallos
1430 1668 1544 1731 abbatis
1553 1666 1693 1729 cavensis
1706 1668 1736 1725 iu
1749 1665 1846 1724 Recce

856 1768 1019 1847 Pimontis‚
1035 1769 1160 1846 Nuceria
1173 1774 1204 1827 ct
1216 1768 1415 1845 pertiuentiis,
1437 1768 1564 1843 quinon
1582 1769 1686 1824 777777
1707 1764 1743 1822 77
1763 1762 1847 1821 curia

856 1880 925 1936 sua,
938 1867 1084 1925 immunes
1096 1882 1114 1925 a
1126 1864 1368 1925 subventionibus
1382 1870 1412 1923 77
1424 1864 1554 1933 collectis
1567 1862 1704 1922 declaret.
1787 1867 1844 1919 477

460 1958 549 2041 [mmo
594 1997 802 2017 .......
815 1988 858 2004 -·
876 1960 1021 2021 Omnibus
1033 1962 1182 2022 nobilibus
1195 1965 1226 2021 in
1240 1964 1362 2038 imperio
1375 1962 1542 2021 constitutis
1554 1960 1675 2019 mandat
1692 1963 1726 2018 ut
1745 1972 1847 2033 paoem

480 2058 526 2117 vel
857 2058 890 2116 in
907 2059 989 2118 curia
1001 2058 1240 2119 Francoiurtensi
1259 2058 1406 2118 ilrmatam
1418 2056 1497 2117 inira
1509 2062 1637 2133 quatuor
1649 2052 1847 2115 hebdomadas

449 2152 561 2235 lunio]
854 2157 966 2231 jurent,
986 2156 1160 2216 adivitlbus
1175 2162 1206 2216 et
1226 2156 1403 2233 pauperibus
1416 2154 1549 2215 similiter
1559 2154 1718 2231 Juraudam
1739 2156 1769 2211 et
1785 2167 1846 2210 ser-

484 2263 486 2266 ·
857 2252 997 2313 vandum.
1474 2283 1477 2291 ·
1788 2255 1843 2307 477

459 2352 544 2427 julio.
646 2343 748 2404 ueste
818 2379 860 2394 -
878 2348 927 2408 hd
937 2350 1179 2427 supplicationem
1189 2350 1309 2411 Hmrlcl
1321 2352 1478 2430 lantgravii
1490 2350 1668 2427 Thuringiae
1680 2353 1709 2407 et
1722 2345 1849 2407 conradi

858 2445 956 2506 iratrls
969 2450 1050 2523 ejus,
1071 2448 1215 2524 hospitale
1237 2448 1337 2509 Sancti
1355 2450 1503 2509 Francisci
1524 2450 1557 2506 in
1578 2443 1720 2521 biarburg
1733 2460 1751 2503 a
1764 2441 1850 2502 beata

858 2543 1008 2605 Elisabeth
1026 2561 1127 2605 eorum
1149 2562 1248 2606 sorore
1266 2551 1467 2607 consbuctum
1489 2552 1519 2605 ct
1545 2544 1584 2605 ab
1609 2545 1681 2620 ipsis
1697 2542 1847 2616 dotatum,

858 2644 889 2706 iu
903 2646 1111 2719 protectionem
1123 2660 1209 2705 auam
1223 2661 1291 2705 cum
1305 2645 1442 2705 omnibus
1455 2644 1542 2705 bonis
1555 2644 1687 2719 suscipit.
1790 2650 1847 2701 477

458 2742 545 2819 julio.
646 2730 750 2792 aeae
819 2768 860 2784 -
879 2738 965 2800 Cives
982 2740 1184 2801 Erfurdleuses
1202 2757 1271 2802 cum
1285 2742 1422 2801 omuibus
1435 2756 1536 2801 eorum
1549 2740 1635 2801 bonis
1656 2738 1714 2799 sub
1732 2738 1849 2814 speciali

858 2840 1038 2912 protectione
1051 2854 1107 2898 sua
1120 2840 1242 2915 recipit,
1258 2841 1358 2917 euque
1379 2839 1555 2916 approbatas
1574 2836 1799 2899 consuetudines
1820 2843 1850 2897 et

859 2937 983 3012 antiqua
996 2938 1297 3013 lureinperpetuum
1310 2936 1476 2997 coufirmat.
1790 2942 1848 2995 4777

434 3040 572 3111 augusto.
646 3026 749 3086 117777.
821 3064 861 3077 -
880 3033 1060 3112 Beronibus,
1076 3033 1221 3095 militibus
1242 3040 1272 3094 et
1289 3035 1397 3111 populo
1419 3036 1582 3095 acconensi
1602 3040 1707 3095 notum
1727 3032 1799 3093 iacit
1818 3048 1850 3093 se

859 3126 1041 3187 Theoderico
1062 3126 1278 3205 archiepiscopo
1298 3128 1478 3201 Ravennati,
1495 3126 1680 3205 Apostollcae
1698 3128 1783 3189 Sedis
1805 3128 1849 3187 ie·

860 3230 941 3303 gato,
956 3224 1089 3286 oilleium
1102 3229 1201 3286 nuath
1214 3228 1261 3287 sui
1275 3228 1468 3300 commisisse,
1483 3230 1525 3286 777
1538 3231 1574 3285 ut
1585 3225 1709 3286 formam
1723 3241 1849 3285 concor-

860 3319 926 3380 diae
939 3322 1018 3381 inter
1030 3336 1063 3381 77
1075 3326 1105 3381 77
1115 3322 1194 3397 ipsos
1200 3324 1264 3397 jam
1273 3328 1439 3383 contractae
1448 3322 1527 3381 idem
1537 3321 1771 3399 archiepiscopus
1784 3322 1848 3382 loco

860 3420 908 3478 sul
922 3434 1095 3478 conservare
1108 3418 1210 3495 possit.
1789 3426 1848 3479 479

444 3515 574 3593 [august.
597 3552 805 3571 ·······
820 3547 861 3559 -
881 3516 989 3577 Scribit
1001 3532 1095 3594 papae
1111 3534 1144 3577 77
1162 3519 1278 3577 mittere
1291 3515 1459 3577 Gebardum
1473 3517 1511 3577 de
1524 3518 1690 3591 Amestein‚
1710 3519 1848 3593 imperia-

483 3611 531 3671 vei
861 3615 920 3674 lem
937 3618 969 3675 in
986 3616 1071 3676 ltalia
1089 3616 1233 3694 legatum,
1247 3618 1299 3693 qul
1316 3616 1490 3677 mandatum
1510 3616 1702 3693 apostolicum
1718 3616 1850 3677 obtineat

462 3709 552 3786 sept]
861 3711 901 3770 77
923 3710 955 3770 77
975 3718 1011 3771 ut
1032 3712 1164 3773 homines
1186 3712 1297 3788 Spoleti
1317 3718 1347 3773 77
1370 3712 1519 3773 Marchiac
1542 3712 1598 3773 sibl
1619 3712 1762 3772 auxillum
1784 3712 1850 3772 lar-

861 3809 990 3885 giantur.
1421 3824 1424 3829 ·
1791 3816 1851 3871 474

467 3906 540 3977 sept
596 3896 654 3975 Ap.
666 3898 799 3959 Mentem
821 3938 860 3948 —
879 3904 993 3980 Donat,
1009 3907 1141 3967 concedit
1158 3914 1188 3967 et
1207 3906 1362 3967 7777177777
1384 3906 1564 3984 Ruymundo
1584 3908 1684 3967 comiti
1703 3908 1849 3971 Tolosano

617 3994 779 4055 Fiasconis.
860 4008 970 4062 terram
982 4002 1159 4064 Venusinam
1173 4009 1324 4079 totamque
1341 4004 1430 4063 ailam
1443 4020 1534 4083 77777
1553 4006 1585 4063 in
1604 4006 1726 4080 imperio
1743 4008 1805 4067 sive
1819 4010 1849 4068 in

861 4116 952 4177 regno
973 4098 1136 4160 Arelatensi
1158 4106 1189 4160 et
1205 4102 1366 4162 Viennensi
1380 4100 1459 4160 idem
1481 4116 1578 4160 comes
1599 4104 1699 4160 tenere
1725 4118 1848 4163 consue·

861 4198 920 4267 vit,
942 4201 974 4255 77
992 4198 1121 4256 restituit
1142 4212 1210 4256 eum
1233 4198 1265 4256 ln
1287 4196 1461 4274 dignitatem
1484 4195 1703 4257 marchionatus
1723 4198 1849 4257 Provin-

861 4294 933 4352 7777.
1791 4304 1848 4357 485

470 4390 543 4460 sept.
599 4378 800 4455 Ati-Moniem
820 4420 861 4432 —
880 4388 929 4449 ,id
942 4388 1184 4465 supplicationem
1198 4392 1362 4467 principum
1376 4392 1506 4468 imperil,
1526 4392 1753 4452 controversiam
1772 4394 1850 4455 inter

619 4475 779 4537 Flsssvonls·
861 4502 893 4546 se
905 4492 936 4546 77
948 4485 1088 4547 ottonem
1101 4487 1139 4546 77
1149 4486 1309 4565 Luneburg
1322 4504 1411 4564 super
1422 4485 1648 4564 proprietatibus
1659 4488 1777 4549 Henrlcl
1790 4490 1848 4551 du·

861 4583 904 4642 cis
916 4582 954 4642 da
966 4583 1141 4643 Brunswiek
1154 4590 1329 4663 vertentem,
1340 4584 1379 4645 77
1394 4582 1549 4645 arbitrium
1561 4584 1727 4662 principum
1740 4584 1849 4648 ibidem

861 4682 1077 4739 nominatorum
1090 4683 1223 4741 remittit.
1791 4692 1848 4745 477

471 4778 546 4848 sept.
599 4766 801 4843 Aphientem
822 4806 863 4819 -
883 4774 1046 4853 Ugolinnrn
1077 4775 1115 4835 de
1141 4775 1269 4837 Certum
1294 4783 1325 4837 ct
1350 4777 1563 4854 Bonalunctum
1593 4776 1689 4837 illlum
1719 4778 1848 4840 himeri-

611 4864 794 4928 Flasconem.
863 4871 958 4950 ghetti
978 4872 1016 4933 77
1038 4872 1165 4934 Cortona
1190 4872 1324 4951 publicos
1351 4872 1521 4935 tabelliones
1544 4874 1659 4952 imperii
1684 4876 1846 4936 constituit.

582 4987 589 5039 l
1623 4976 1681 5030 479
1695 4974 1724 5030 ct
1736 4976 1800 5031 not.
1819 4982 1845 5033 7.
