4859 6359
377 730 477 790 lenam.
492 726 536 811 6.]
835 720 1031 784 tttsrotlllt
1055 721 1348 788 otrtotttttlctt
1733 720 1793 786 ool

379 864 487 937 salem
505 868 541 933 ct
555 858 671 933 Sicilie
683 855 776 951 regi,
797 866 832 929 et
845 858 945 930 nobis
959 858 1093 933 dudum
1109 859 1272 933 exhibuit
1283 868 1319 934 et
1335 860 1545 933 incessanter
1555 860 1681 953 satagit
1690 860 1791 933 exhi·

379 986 481 1077 bere,
500 991 676 1080 sperantes
693 982 837 1075 insuper
853 981 900 1054 ab
922 1002 965 1055 eo
982 983 1136 1078 recipere
1157 984 1319 1077 gratiora,
1347 983 1393 1058 de
1418 984 1533 1057 innata
1550 984 1659 1078 gratia
1675 993 1790 1057 nostra

380 1108 637 1183 concessionem
648 1112 683 1179 et
701 1104 921 1179 donationem
934 1104 1102 1200 quamdiu
1116 1106 1247 1181 vixerit
1259 1107 1412 1181 omnium
1424 1116 1673 1203 proventuum,
1687 1108 1795 1201 juris·

382 1231 573 1307 dictionum
586 1238 622 1305 et
634 1229 852 1324 justiciarum
865 1228 1020 1302 omnium
1033 1228 1222 1305 Jndeorum
1243 1230 1443 1325 degentium
1458 1240 1494 1305 et
1506 1231 1737 1307 habitantium
1757 1234 1796 1305 in

382 1355 570 1451 Ratispona
586 1352 778 1427 cumomni
800 1354 880 1446 jure
903 1360 939 1425 et
959 1352 1170 1448 integritate,
1188 1354 1484 1449 quemadmodum
1508 1355 1557 1429 ad
1587 1365 1739 1429 nostram
1761 1367 1797 1431 et

382 1478 520 1575 imperii
534 1497 709 1551 cameram
720 1483 875 1571 spectare
889 1486 1094 1569 noscuntur,
1120 1486 1254 1571 gratam
1268 1488 1378 1551 ratam
1393 1478 1562 1553 habemus
1582 1489 1618 1553 et
1635 1478 1793 1571 firmam3

383 1602 595 1697 proeentiom
616 1599 820 1675 auctoritate
845 1599 1049 1675 mandentes
1071 1610 1245 1696 quatenus
1267 1600 1428 1676 ammodo
1451 1604 1547 1677 nulla
1569 1625 1716 1699 persona
1735 1626 1797 1677 su·

384 1725 501 1799 blimis
517 1725 573 1799 rel
588 1723 746 1813 humilis,
760 1722 992 1797 ecclesiastica
1003 1724 1059 1797 vel
1071 1723 1266 1814 mundana,
1286 1734 1404 1797 contra
1417 1725 1583 1820 presentis
1602 1724 1799 1801 donationis

388 1858 422 1925 et
435 1848 668 1923 concessionis
683 1856 800 1921 nostm
817 1846 980 1942 paginam
996 1849 1115 1922 venire
1130 1857 1318 1945 presumat.
1341 1848 1444 1933 Quod
1462 1850 1524 1943 qni
1537 1854 1796 1948 presumpserit,

388 1983 503 2071 preter
514 1971 681 2045 offensam
693 1980 811 2045 nostm
827 1970 998 2064 majestati
1012 1970 1157 2062 illatam,
1176 1972 1241 2043 XX
1262 1971 1369 2043 libras
1385 1972 1461 2045 auri
1479 1973 1557 2068 pori
1574 1995 1614 2046 se
1629 1976 1800 2071 composi·

387 2108 503 2171 turum
525 2103 701 2191 agnoscat.
726 2095 883 2180 Quarum
904 2092 1072 2167 medietas
1091 2115 1227 2168 camere
1247 2105 1364 2169 nostre
1381 2106 1417 2168 et
1439 2097 1572 2191 reliqua
1593 2098 1681 2193 parti
1699 2121 1800 2194 passe

386 2220 552 2315 injuriam
575 2218 799 2313 persolvetur.
826 2216 882 2291 Ad
910 2217 1016 2311 hujus
1042 2218 1159 2313 itaque
1185 2218 1406 2313 gratitudinis
1429 2228 1465 2292 st
1492 2221 1557 2293 rati
1580 2224 1796 2313 memoriam,

387 2352 582 2441 presentem
608 2342 757 2415 litteram
783 2340 953 2415 conscribi
979 2351 1014 2417 ot
1040 2344 1229 2435 majestatis
1255 2353 1370 2417 nostm
1392 2332 1507 2438 sipillo
1523 2346 1693 2438 jussimus
1706 2367 1801 2420 com·

387 2490 527 2543 munrrr.

437 2592 550 2684 Hujus
567 2590 618 2663 rei
637 2598 743 2663 testes
756 2598 837 2661 sunt
853 2616 863 2661 z
882 2588 1085 2663 cuonradus
1098 2588 1143 2663 de
1159 2590 1381 2684 Smidelvelt,
1406 2591 1628 2667 Eberhardus
1652 2592 1697 2667 de
1714 2595 1806 2669 Her-

388 2716 618 2812 tingisperge,
645 2712 830 2787 Heinricus
851 2713 940 2785 inter
953 2712 1108 2804 Latinos,
1127 2712 1289 2787 tilbertus
1305 2715 1577 2789 triscamerarius
1593 2716 1640 2790 do
1653 2718 1804 2792 Babins·

389 2841 500 2927 taine,
529 2836 724 2913 Hawardus
745 2834 791 2909 de
805 2836 1020 2929 Holtzwanc,
1042 2835 1211 2911 liudolfus
1229 2837 1274 2911 de
1291 2838 1531 2930 Fuenenberc,
1549 2848 1585 2912 et
1602 2841 1662 2914 alii
1676 2863 1805 2936 quarm

390 2960 519 3060 plures.

441 3086 567 3160 Actum
598 3106 691 3158 anno
719 3082 893 3158 dominice
923 3084 1166 3159 incarnationis
1181 3085 1362 3157 millesimo
1378 3084 1613 3161 ducentesimo
1631 3087 1803 3163 tricesimo

393 3211 517 3303 tercio,
535 3210 628 3282 Xllll
647 3208 813 3283 kalendas
832 3209 970 3299 marcii,
991 3209 1179 3284 indictione
1194 3212 1268 3300 vl,
1292 3222 1466 3303 regnante
1481 3210 1624 3285 domino
1645 3213 1804 3288 Hdnrico

392 3336 624 3409 Romanorum
644 3354 725 3428 rege
738 3333 984 3423 illustrissimo,
1006 3355 1098 3407 anno
1115 3335 1213 3429 regni
1230 3337 1305 3429 ejus
1322 3334 1521 3409 undecimo.

441 3458 588 3553 Signum
614 3456 745 3531 domini
767 3456 923 3531 Heinrici
945 3458 1081 3553 septimi
1101 3458 1163 3531 Dei
1189 3459 1299 3554 gratia
1329 3459 1545 3533 invictissimi
1575 3462 1805 3535 Romanorum

393 3582 485 3677 regis
502 3602 638 3677 semper
650 3581 803 3675 augusti.

441 3706 568 3779 Datum
584 3704 678 3802 apud
692 3704 940 3800 Nnoremberc,
960 3726 1073 3797 anuo,
1093 3726 1213 3779 mense
1226 3714 1262 3780 et
1278 3706 1466 3782 indictione
1478 3706 1694 3803 pretitulatis.

446 4266 653 4376 Henricus,
672 4266 933 4351 Romanorum
955 4292 1041 4377 rex,
1064 4276 1194 4350 notam
1213 4266 1304 4352 lacit
1333 4266 1498 4351 formam
1525 4270 1807 4381 compositionis
1888 4293 1952 4349 aaut

397 4400 595 4483 accedente
617 4426 688 4485 suo
705 4426 894 4485 consensu
912 4400 1011 4483 iuter
1027 4398 1234 4484 Henrioum
1250 4400 1570 4486 Wormatieusem
1588 4389 1808 4514 episcopum
1883 4378 1998 4449 Μ·

397 4557 483 4615 oum
502 4532 662 4616 ecclesia
687 4532 771 4645 ejus
797 4542 836 4617 et
857 4533 956 4617 eires
976 4534 1274 4619 Wormatienses
1301 4534 1445 4643 factae,
1466 4536 1608 4619 scilicet
1632 4537 1680 4620 de
1706 4563 1807 4623 novo

399 4673 498 4747 statu
524 4665 686 4750 civitatis
712 4666 926 4751 ordinando
952 4692 1020 4775 per
1047 4666 1250 4750 consilium
1276 4667 1338 4749 cui
1368 4667 1639 4776 praesidebunt
1669 4695 1808 4755 novem

400 4798 495 4883 cives
515 4799 565 4883 ab
583 4801 758 4912 episcopo
776 4811 815 4885 et
832 4826 899 4885 sex
916 4801 1055 4886 milites
1073 4801 1123 4885 ab
1141 4801 1285 4885 eisdem
1302 4800 1449 4885 nimbos
1466 4801 1587 4887 electi.

474 4934 530 4995 lv.
551 4951 608 4997 rm
618 4954 640 4995 a.
1612 4948 1649 5002 ro
