4859 6359
604 739 664 802 ros
1125 747 1299 809 sanarer
1323 746 1492 810 sarrrrrr
1825 749 1906 829 [aur.
1924 751 2013 818 rasa.

604 879 659 951 vel
675 876 862 952 mittendos
874 891 971 954 extra
979 881 1231 956 lombardiam.
1244 885 1328 956 ltom
1341 882 1437 978 quod
1452 903 1520 956 uon
1530 889 1710 956 teneantur
1725 881 1897 975 aliquado
1910 907 2015 960 causa

606 1000 692 1077 tare
707 1002 863 1093 obsides,
885 1005 941 1076 vel
959 1004 1173 1098 pigneraret
1188 1008 1401 1080 securitates.
1416 1007 1527 1093 Quam
1544 1004 1741 1079 fidelitatem
1758 1006 1869 1080 taoere
1887 1007 2016 1084 debent

605 1126 712 1198 salvis
722 1127 942 1200 meistatibus
954 1138 990 1201 et
1000 1129 1160 1202 amicitiis
1173 1131 1366 1204 communis
1388 1129 1575 1204 Mediolani
1591 1137 1625 1202 et
1641 1129 1817 1223 presertim
1836 1131 1933 1204 salva
1950 1154 2014 1206 so-

605 1249 726 1322 cietate
741 1251 958 1339 Lombardie,
978 1251 1130 1326 Marobie
1141 1263 1177 1326 et
1190 1255 1373 1346 Romanie3
1390 1275 1495 1350 quam
1511 1251 1711 1326 fidelitatem
1726 1261 1885 1348 utsupra
1904 1255 2014 1330 faeere

603 1373 745 1466 volunt,
763 1375 793 1447 si
812 1375 925 1448 dietus
943 1375 1105 1450 dominus
1119 1399 1185 1450 rex
1197 1385 1233 1449 et
1245 1377 1417 1472 principes
1431 1371 1634 1450 Alemannis
1653 1377 1775 1450 volunt
1788 1381 1930 1471 juvare,
1948 1377 2013 1452 ad·

599 1499 724 1591 juvare
743 1507 779 1570 et
796 1511 1020 1573 manutenere
1040 1509 1077 1572 et
1098 1500 1286 1575 defendere
1307 1499 1559 1594 Mediolanum,
1582 1501 1755 1591 Brixiam,
1775 1501 1964 1574 Bononiam
1979 1513 2014 1576 et

603 1622 834 1696 mambionem
851 1624 1091 1698 Montisisrrati
1106 1635 1141 1697 et
1150 1625 1336 1699 Novariam
1354 1634 1388 1698 et
1398 1624 1554 1699 laudam
1568 1635 1603 1697 et
1614 1625 1700 1698 alias
1718 1625 1875 1697 civitates
1886 1633 1921 1698 st
1934 1625 2013 1696 uni·

482 1753 485 1758 ’
601 1747 906 1821 versitatesetlooa
919 1749 1698 1843 qussuntveleruntdesooietateetamioitia
1712 1749 1912 1839 Mediolani,
1927 1749 2012 1822 dum

601 1871 639 1944 in
656 1871 817 1944 societate
827 1881 862 1944 et
875 1872 1027 1946 amicitia
1042 1870 1259 1965 duraverint,
1275 1881 1310 1946 st
1326 1872 1393 1946 boo
1411 1872 1554 1946 inomni
1570 1893 1635 1946 suo
1650 1881 1685 1946 et
1701 1893 1821 1946 eornm
1839 1872 2013 1946 honorent

603 1995 733 2092 podere
745 2005 779 2068 et
792 2005 883 2070 statu
898 2007 933 2070 et
945 1998 1162 2092 possessione
1177 2008 1212 2070 et
1224 1999 1322 2072 tortia
1335 2019 1407 2092 quo
1423 1998 1478 2071 vel
1494 2019 1565 2092 qua
1581 2018 1675 2072 nuno
1692 2006 1773 2070 sunt
1789 2006 1823 2070 ot
1840 1998 1876 2070 in
1892 2007 2013 2092 poste-

601 2143 679 2194 rum
696 2131 797 2194 erunt
818 2131 935 2194 eontra
959 2123 1117 2196 inimioos
1130 2143 1219 2216 quos
1237 2143 1330 2195 nuno
1350 2121 1481 2196 babent
1507 2123 1563 2196 vel
1580 2121 1625 2195 ds
1642 2131 1755 2196 cetero
1779 2120 1958 2194 habebunt
1976 2123 2012 2194 in

600 2245 808 2318 lombardia
824 2247 880 2318 vel
904 2247 988 2318 alibi
1018 2245 1086 2341 (t),
1104 2257 1140 2320 st
1160 2245 1336 2320 offendere
1360 2233 1518 2319 inimicos
1543 2267 1663 2320 eorum
1686 2243 1878 2318 seeundum
1911 2267 2013 2342 posse

599 2370 709 2465 ipsius
729 2370 821 2464 regis
844 2378 880 2442 et
892 2370 1104 2466 principum,
1125 2371 1304 2466 presertim
1328 2370 1529 2442 Cremonam
1552 2379 1588 2444 et
1609 2369 1749 2464 Papiam
1771 2377 1804 2441 et
1817 2389 1937 2442 earum
1957 2391 2011 2441 se·

599 2514 726 2587 quaoes
738 2495 801 2589 qui
819 2504 1005 2567 nunosunt
1020 2496 1076 2566 vel
1094 2516 1157 2589 pro
1169 2493 1383 2588 temporibus
1402 2502 1521 2584 erunt;
1538 2501 1573 2566 et
1596 2492 1692 2588 quod
1708 2513 1777 2567 nou
1792 2492 1918 2566 lanient
1936 2491 2011 2586 ipso

599 2639 663 2691 vex
677 2620 731 2691 vel
741 2618 915 2714 principes
925 2619 1076 2712 aliquam
1093 2617 1313 2690 concordiam
1329 2619 1385 2692 vel
1397 2617 1592 2713 pastionem
1606 2617 1664 2689 vel
1681 2616 1944 2690 nonventionem
1955 2617 2011 2691 vel

598 2761 717 2837 panem
730 2761 810 2814 cum
822 2741 971 2814 inimicis
980 2740 1182 2829 Mediolani,
1200 2741 1335 2832 Brixis,
1350 2741 1517 2830 Bononie,
1535 2740 1743 2816 marchionis
1754 2739 2009 2830 Montislerrati,

598 2865 763 2957 Novaria,
790 2863 910 2938 laude
933 2865 1150 2958 aliarumque
1175 2864 1355 2936 civitatum
1380 2873 1415 2938 et
1438 2865 1702 2938 universitatum
1725 2873 1759 2936 et
1787 2865 1940 2937 locorum
1966 2861 2012 2936 de

599 2989 762 3062 societate
773 2997 808 3062 et
815 2988 1158 3063 amicitiaMediolani
1169 2987 1412 3082 undecumque
1422 2987 1503 3079 sint,
1522 2995 1557 3060 et
1566 2987 1744 3083 presertim
1757 3007 1836 3060 oum
1846 2985 2010 3058 Cremona

602 3124 637 3188 et
651 3115 757 3210 Papia
774 3113 829 3187 vel
847 3115 924 3186 aliis
938 3113 1136 3186 civitatibus
1160 3112 1216 3185 vel
1233 3113 1317 3188 loeis
1333 3134 1395 3186 seu
1412 3112 1568 3208 personis
1591 3113 1646 3185 vel
1664 3111 1947 3184 universitatibus
1965 3107 2011 3184 de

600 3241 761 3314 societate
774 3238 940 3312 Cremona
951 3239 1008 3312 vel
1025 3237 1143 3332 Papio,
1157 3237 1233 3312 sine
1251 3238 1428 3311 voluntate
1443 3236 1637 3312 communis
1649 3235 1831 3310 Mediolani
1845 3243 1880 3308 et
1895 3233 2011 3308 socie-

602 3365 681 3437 tatis
696 3373 733 3437 et
749 3363 899 3436 amicitie
913 3364 1002 3456 ejus.
1022 3363 1072 3434 De
1089 3362 1218 3456 quibus
1238 3362 1404 3436 oneribus
1420 3371 1577 3450 teneatur
1594 3361 1769 3457 predictus
1785 3381 1849 3433 rex
1864 3367 1899 3432 et
1917 3359 2011 3454 prin-

603 3488 698 3582 cipes
713 3495 748 3559 et
764 3507 882 3558 eorum
896 3506 1124 3577 suoeessores,
1143 3506 1264 3560 omnes
1287 3485 1390 3558 simul
1405 3495 1441 3562 et
1457 3485 1603 3580 quilibet
1620 3506 1682 3580 per
1697 3505 1752 3574 se,
1780 3494 1815 3556 et
1831 3484 1913 3556 hino
1930 3483 2012 3557 inde

603 3611 696 3685 dicta
711 3619 923 3684 sacramenta
940 3619 1149 3684 renoventur
1165 3609 1312 3702 singulis
1340 3609 1537 3700 decenniis,
1564 3609 1611 3682 ita
1629 3607 1725 3703 quod
1745 3608 1782 3680 in
1806 3615 2011 3704 perpetuum

603 3734 730 3808 durent
742 3744 777 3806 et
793 3735 1018 3806 observentur
1035 3742 1070 3805 et
1091 3733 1128 3804 in
1142 3733 1399 3806 suecessoribus
1418 3743 1453 3806 et
1478 3734 1513 3806 in
1539 3731 1620 3804 liliis
1643 3733 1754 3828 ipsius
1769 3731 1901 3804 domini
1919 3729 2012 3822 regis

603 3879 692 3954 quos
709 3879 803 3930 nuno
819 3857 925 3931 babet
941 3858 998 3930 vel
1019 3856 1161 3930 babebit
1176 3857 1289 3929 looum
1312 3857 1477 3948 habeant,
1504 3867 1539 3930 et
1557 3857 1685 3948 regalia
1707 3857 1777 3930 sint
1794 3865 1829 3928 et
1846 3864 2012 3950 perpetua

602 3993 638 4056 et
652 4003 721 4054 non
733 3981 925 4077 personalia
937 4001 1001 4054 neo
1014 3981 1226 4076 temporalia,
1242 4002 1312 4053 non
1327 3991 1459 4054 tantum
1478 3981 1670 4077 inpersona
1685 3979 1778 4075 regis
1790 3979 1847 4052 vel
1863 3977 2012 4050 filiorum

602 4107 748 4198 ejusseu
757 4125 1008 4196 suceessorum,
1022 4103 1180 4178 itaetiam
1192 4112 1227 4177 et
1236 4125 1473 4178 suceessorum
1483 4103 1699 4178 eorumdem.
1714 4103 1757 4178 Et
1768 4101 1891 4178 eodem
1906 4099 2011 4172 modo

604 4241 784 4305 teneantur
799 4229 845 4304 de
860 4229 1020 4325 predictis
1035 4231 1196 4303 omnibus
1210 4232 1361 4327 prelatus
1371 4229 1532 4304 domiuus
1545 4251 1608 4303 rex
1620 4239 1655 4304 et
1669 4229 1843 4326 prinsipes
1851 4227 2010 4301 Aleman-

639 4593 678 4666 tt)
696 4592 770 4649 Licet
787 4590 937 4648 Friderious
957 4591 1104 4665 imperator
1120 4591 1149 4648 in
1165 4591 1218 4648 boo
1236 4592 1413 4650 instrumento
1431 4605 1559 4666 exprmso
1578 4590 1686 4648 nomine
1705 4603 1759 4647 non
1779 4587 1923 4657 induetur,
1942 4583 2008 4644 satis

604 4691 711 4747 masat
726 4687 856 4745 adversus
867 4702 931 4744 eum
942 4687 1107 4744 lombardos
1119 4685 1198 4744 simul
1214 4692 1242 4744 et
1254 4701 1345 4760 regem
1362 4687 1505 4744 ilenrinum
1518 4685 1569 4744 sibi
1586 4685 1748 4759 providisse,
1761 4683 1789 4740 in
1801 4683 1853 4741 boo
1869 4681 2009 4756 praecipue

604 4795 637 4844 ut
646 4799 771 4843 aooessus
789 4785 825 4841 ad
835 4785 1017 4842 alemanniam
1032 4785 1084 4859 ipsi
1097 4785 1309 4858 intoroiperstur.
1325 4783 1464 4854 Quomodo
1479 4783 1617 4858 animiam
1630 4799 1700 4842 anno
1716 4783 1786 4840 ⁴226
1801 4779 1848 4838 filii
1861 4780 1895 4837 ud
1907 4784 2010 4854 patrem

605 4885 694 4944 aditrrs
707 4899 723 4940 a
736 4881 892 4942 tombantis
906 4882 1063 4956 praeclusus
1075 4882 1170 4955 tuerit,
1186 4882 1366 4942 meminerunt
1381 4881 1504 4941 tectores.
