<?xml version="1.0" encoding="UTF-8"?>
<!DOCTYPE html PUBLIC "-//W3C//DTD XHTML 1.0 Transitional//EN"
    "http://www.w3.org/TR/xhtml1/DTD/xhtml1-transitional.dtd">
<html xmlns="http://www.w3.org/1999/xhtml" xml:lang="en" lang="en">
 <head>
  <title>
</title>
<meta http-equiv="Content-Type" content="text/html;charset=utf-8" />
  <meta name='ocr-system' content='tesseract 3.04.00' />
  <meta name='ocr-capabilities' content='ocr_page ocr_carea ocr_par ocr_line ocrx_word'/>
</head>
<body>
  <div class='ocr_page' id='page_1' title='image "./historiadiploma05fredgoog_0407.png"; bbox 0 0 4859 6359; ppageno 0'>
   <div class='ocr_carea' id='block_1_1' title="bbox 926 802 1790 882">
    <p class='ocr_par' dir='ltr' id='par_1_1' title="bbox 926 802 1790 882">
     <span class='ocr_line' id='line_1_1' title="bbox 926 802 1790 882; baseline 0 -17"><span class='ocrx_word' id='word_1_1' title='bbox 926 802 1233 867; x_wconf 78' lang='lat' dir='ltr'><strong>rnnrraunrra</strong></span> <span class='ocrx_word' id='word_1_2' title='bbox 1579 872 1583 882; x_wconf 63' lang='grc'><em>,</em></span> <span class='ocrx_word' id='word_1_3' title='bbox 1728 802 1790 865; x_wconf 80' lang='lat' dir='ltr'><strong>era</strong></span> 
     </span>
    </p>
   </div>
   <div class='ocr_carea' id='block_1_2' title="bbox 380 936 1839 4243">
    <p class='ocr_par' dir='ltr' id='par_1_2' title="bbox 380 936 1839 4243">
     <span class='ocr_line' id='line_1_2' title="bbox 380 936 1787 1015; baseline -0.003 0"><span class='ocrx_word' id='word_1_4' title='bbox 380 952 534 1015; x_wconf 90' lang='lat' dir='ltr'><strong>semotus</strong></span> <span class='ocrx_word' id='word_1_5' title='bbox 563 962 643 1013; x_wconf 92' lang='lat' dir='ltr'><strong>cum</strong></span> <span class='ocrx_word' id='word_1_6' title='bbox 670 940 827 1013; x_wconf 85' lang='lat' dir='ltr'><strong>exercitu</strong></span> <span class='ocrx_word' id='word_1_7' title='bbox 856 961 921 1014; x_wconf 93' lang='lat' dir='ltr'><strong>suo</strong></span> <span class='ocrx_word' id='word_1_8' title='bbox 946 950 982 1013; x_wconf 94' lang='lat' dir='ltr'><strong>et</strong></span> <span class='ocrx_word' id='word_1_9' title='bbox 1007 938 1294 1014; x_wconf 80' lang='lat' dir='ltr'>Cremonensibus</span> <span class='ocrx_word' id='word_1_10' title='bbox 1322 947 1356 1010; x_wconf 92' lang='lat' dir='ltr'><strong>et</strong></span> <span class='ocrx_word' id='word_1_11' title='bbox 1383 936 1623 1011; x_wconf 89' lang='lat' dir='ltr'><strong>Parmensibus</strong></span> <span class='ocrx_word' id='word_1_12' title='bbox 1649 945 1684 1010; x_wconf 92' lang='lat' dir='ltr'><strong>et</strong></span> <span class='ocrx_word' id='word_1_13' title='bbox 1709 936 1787 1011; x_wconf 88' lang='lat' dir='ltr'><strong>aliis</strong></span> 
     </span>
     <span class='ocr_line' id='line_1_3' title="bbox 381 1055 1787 1157; baseline -0.001 -23"><span class='ocrx_word' id='word_1_14' title='bbox 381 1062 477 1157; x_wconf 92' lang='lat' dir='ltr'><strong>apud</strong></span> <span class='ocrx_word' id='word_1_15' title='bbox 492 1062 639 1135; x_wconf 84' lang='lat' dir='ltr'><strong>Gadium</strong></span> <span class='ocrx_word' id='word_1_16' title='bbox 655 1058 705 1157; x_wconf 84' lang='lat' dir='ltr'><strong>(a)</strong></span> <span class='ocrx_word' id='word_1_17' title='bbox 721 1070 756 1134; x_wconf 91' lang='lat' dir='ltr'><strong>et</strong></span> <span class='ocrx_word' id='word_1_18' title='bbox 771 1062 905 1135; x_wconf 84' lang='lat' dir='ltr'><strong>Voltam</strong></span> <span class='ocrx_word' id='word_1_19' title='bbox 924 1064 1147 1136; x_wconf 84' lang='lat' dir='ltr'><strong>Mantuanam</strong></span> <span class='ocrx_word' id='word_1_20' title='bbox 1168 1070 1262 1134; x_wconf 87' lang='lat' dir='ltr'><strong>trans</strong></span> <span class='ocrx_word' id='word_1_21' title='bbox 1277 1060 1419 1133; x_wconf 89' lang='lat' dir='ltr'><strong>Mantus</strong></span> <span class='ocrx_word' id='word_1_22' title='bbox 1435 1055 1512 1154; x_wconf 85' lang='lat' dir='ltr'><strong>(sie)</strong></span> <span class='ocrx_word' id='word_1_23' title='bbox 1530 1066 1787 1133; x_wconf 86' lang='lat' dir='ltr'><strong>castrametatus</strong></span> 
     </span>
     <span class='ocr_line' id='line_1_4' title="bbox 380 1181 1787 1278; baseline 0.001 -23"><span class='ocrx_word' id='word_1_24' title='bbox 380 1205 444 1278; x_wconf 93' lang='lat' dir='ltr'><strong>per</strong></span> <span class='ocrx_word' id='word_1_25' title='bbox 464 1184 553 1258; x_wconf 89' lang='lat' dir='ltr'><strong>duos</strong></span> <span class='ocrx_word' id='word_1_26' title='bbox 570 1184 646 1257; x_wconf 93' lang='lat' dir='ltr'><strong>dies</strong></span> <span class='ocrx_word' id='word_1_27' title='bbox 669 1184 874 1259; x_wconf 76' lang='lat' dir='ltr'><strong>devastavit.</strong></span> <span class='ocrx_word' id='word_1_28' title='bbox 899 1186 943 1258; x_wconf 86' lang='lat' dir='ltr'><strong>Et</strong></span> <span class='ocrx_word' id='word_1_29' title='bbox 961 1186 1045 1260; x_wconf 92' lang='lat' dir='ltr'><strong>inde</strong></span> <span class='ocrx_word' id='word_1_30' title='bbox 1064 1208 1144 1259; x_wconf 90' lang='lat' dir='ltr'><strong>cum</strong></span> <span class='ocrx_word' id='word_1_31' title='bbox 1165 1184 1320 1257; x_wconf 81' lang='lat' dir='ltr'><strong>exercitu</strong></span> <span class='ocrx_word' id='word_1_32' title='bbox 1341 1181 1436 1278; x_wconf 90' lang='lat' dir='ltr'><strong>apud</strong></span> <span class='ocrx_word' id='word_1_33' title='bbox 1461 1182 1686 1256; x_wconf 90' lang='lat' dir='ltr'><strong>Marcbariam</strong></span> <span class='ocrx_word' id='word_1_34' title='bbox 1709 1205 1787 1257; x_wconf 90' lang='lat' dir='ltr'><strong>cas·</strong></span> 
     </span>
     <span class='ocr_line' id='line_1_5' title="bbox 380 1305 1788 1403; baseline 0.001 -25"><span class='ocrx_word' id='word_1_35' title='bbox 380 1315 473 1379; x_wconf 92' lang='lat' dir='ltr'><strong>trum</strong></span> <span class='ocrx_word' id='word_1_36' title='bbox 507 1309 649 1381; x_wconf 84' lang='lat' dir='ltr'><strong>Mantus</strong></span> <span class='ocrx_word' id='word_1_37' title='bbox 676 1308 854 1403; x_wconf 90' lang='lat' dir='ltr'><strong>pervenit,</strong></span> <span class='ocrx_word' id='word_1_38' title='bbox 886 1318 921 1382; x_wconf 94' lang='lat' dir='ltr'><strong>et</strong></span> <span class='ocrx_word' id='word_1_39' title='bbox 943 1308 1063 1381; x_wconf 91' lang='lat' dir='ltr'><strong>habito</strong></span> <span class='ocrx_word' id='word_1_40' title='bbox 1096 1310 1174 1403; x_wconf 91' lang='lat' dir='ltr'><strong>ipso</strong></span> <span class='ocrx_word' id='word_1_41' title='bbox 1201 1314 1312 1380; x_wconf 87' lang='lat' dir='ltr'><strong>castro</strong></span> <span class='ocrx_word' id='word_1_42' title='bbox 1342 1306 1439 1402; x_wconf 88' lang='lat' dir='ltr'><strong>apud</strong></span> <span class='ocrx_word' id='word_1_43' title='bbox 1465 1305 1613 1378; x_wconf 85' lang='lat' dir='ltr'><strong>blesium</strong></span> <span class='ocrx_word' id='word_1_44' title='bbox 1640 1315 1788 1379; x_wconf 80' lang='lat' dir='ltr'>castrum</span> 
     </span>
     <span class='ocr_line' id='line_1_6' title="bbox 381 1426 1788 1530; baseline 0.001 -29"><span class='ocrx_word' id='word_1_45' title='bbox 381 1430 497 1530; x_wconf 75' lang='lat' dir='ltr'><strong>Brinie</strong></span> <span class='ocrx_word' id='word_1_46' title='bbox 515 1432 552 1502; x_wconf 92' lang='lat' dir='ltr'><strong>in</strong></span> <span class='ocrx_word' id='word_1_47' title='bbox 577 1452 648 1526; x_wconf 92' lang='lat' dir='ltr'><strong>quo</strong></span> <span class='ocrx_word' id='word_1_48' title='bbox 667 1431 803 1526; x_wconf 80' lang='lat' dir='ltr'>pedites</span> <span class='ocrx_word' id='word_1_49' title='bbox 827 1431 1013 1504; x_wconf 76' lang='lat' dir='ltr'>Mediolani</span> <span class='ocrx_word' id='word_1_50' title='bbox 1035 1431 1179 1504; x_wconf 92' lang='lat' dir='ltr'><strong>aderant</strong></span> <span class='ocrx_word' id='word_1_51' title='bbox 1201 1430 1410 1526; x_wconf 91' lang='lat' dir='ltr'><strong>properavit.</strong></span> <span class='ocrx_word' id='word_1_52' title='bbox 1440 1429 1508 1514; x_wconf 88' lang='lat' dir='ltr'><strong>Qui</strong></span> <span class='ocrx_word' id='word_1_53' title='bbox 1529 1426 1664 1523; x_wconf 79' lang='lat' dir='ltr'><strong>pedites</strong></span> <span class='ocrx_word' id='word_1_54' title='bbox 1688 1438 1788 1503; x_wconf 88' lang='lat' dir='ltr'><strong>nocte</strong></span> 
     </span>
     <span class='ocr_line' id='line_1_7' title="bbox 381 1551 1784 1651; baseline 0.001 -24"><span class='ocrx_word' id='word_1_55' title='bbox 381 1554 541 1649; x_wconf 84' lang='lat' dir='ltr'><strong>proxima</strong></span> <span class='ocrx_word' id='word_1_56' title='bbox 562 1554 610 1651; x_wconf 82' lang='lat' dir='ltr'><strong>(b)</strong></span> <span class='ocrx_word' id='word_1_57' title='bbox 633 1553 678 1627; x_wconf 93' lang='lat' dir='ltr'><strong>de</strong></span> <span class='ocrx_word' id='word_1_58' title='bbox 704 1555 841 1627; x_wconf 88' lang='lat' dir='ltr'><strong>castello</strong></span> <span class='ocrx_word' id='word_1_59' title='bbox 865 1554 1081 1628; x_wconf 71' lang='lat' dir='ltr'><strong>absentantes</strong></span> <span class='ocrx_word' id='word_1_60' title='bbox 1108 1552 1196 1626; x_wconf 93' lang='lat' dir='ltr'><strong>illud</strong></span> <span class='ocrx_word' id='word_1_61' title='bbox 1220 1552 1415 1647; x_wconf 88' lang='lat' dir='ltr'><strong>imperatori</strong></span> <span class='ocrx_word' id='word_1_62' title='bbox 1437 1552 1674 1645; x_wconf 89' lang='lat' dir='ltr'><strong>relinquerunt</strong></span> <span class='ocrx_word' id='word_1_63' title='bbox 1695 1551 1784 1651; x_wconf 80' lang='lat' dir='ltr'><strong>(stc).</strong></span> 
     </span>
     <span class='ocr_line' id='line_1_8' title="bbox 382 1674 1788 1772; baseline 0.002 -24"><span class='ocrx_word' id='word_1_64' title='bbox 382 1678 425 1748; x_wconf 85' lang='lat' dir='ltr'><strong>llt</strong></span> <span class='ocrx_word' id='word_1_65' title='bbox 445 1677 528 1750; x_wconf 93' lang='lat' dir='ltr'><strong>inde</strong></span> <span class='ocrx_word' id='word_1_66' title='bbox 557 1698 620 1772; x_wconf 89' lang='lat' dir='ltr'><strong>per</strong></span> <span class='ocrx_word' id='word_1_67' title='bbox 647 1676 882 1771; x_wconf 88' lang='lat' dir='ltr'><strong>episcopatum</strong></span> <span class='ocrx_word' id='word_1_68' title='bbox 909 1678 1050 1750; x_wconf 87' lang='lat' dir='ltr'><strong>blantue</strong></span> <span class='ocrx_word' id='word_1_69' title='bbox 1081 1698 1194 1771; x_wconf 88' lang='lat' dir='ltr'><strong>nsque</strong></span> <span class='ocrx_word' id='word_1_70' title='bbox 1215 1674 1262 1749; x_wconf 94' lang='lat' dir='ltr'><strong>ad</strong></span> <span class='ocrx_word' id='word_1_71' title='bbox 1288 1676 1461 1749; x_wconf 86' lang='lat' dir='ltr'><strong>civitatem</strong></span> <span class='ocrx_word' id='word_1_72' title='bbox 1488 1674 1682 1749; x_wconf 84' lang='lat' dir='ltr'><strong>devastavit</strong></span> <span class='ocrx_word' id='word_1_73' title='bbox 1707 1697 1788 1751; x_wconf 93' lang='lat' dir='ltr'><strong>mo-</strong></span> 
     </span>
     <span class='ocr_line' id='line_1_9' title="bbox 382 1797 1839 1896; baseline 0.001 -25"><span class='ocrx_word' id='word_1_74' title='bbox 382 1821 456 1871; x_wconf 90' lang='lat' dir='ltr'><strong>ram</strong></span> <span class='ocrx_word' id='word_1_75' title='bbox 479 1800 528 1872; x_wconf 94' lang='lat' dir='ltr'><strong>ibi</strong></span> <span class='ocrx_word' id='word_1_76' title='bbox 554 1800 683 1872; x_wconf 83' lang='lat' dir='ltr'><strong>faciens</strong></span> <span class='ocrx_word' id='word_1_77' title='bbox 710 1820 772 1893; x_wconf 92' lang='lat' dir='ltr'><strong>per</strong></span> <span class='ocrx_word' id='word_1_78' title='bbox 799 1799 862 1872; x_wconf 85' lang='lat' dir='ltr'><strong>XV</strong></span> <span class='ocrx_word' id='word_1_79' title='bbox 884 1798 972 1873; x_wconf 79' lang='lat' dir='ltr'><strong>dies.</strong></span> <span class='ocrx_word' id='word_1_80' title='bbox 1003 1799 1046 1872; x_wconf 85' lang='lat' dir='ltr'><strong>llt</strong></span> <span class='ocrx_word' id='word_1_81' title='bbox 1074 1799 1246 1896; x_wconf 88' lang='lat' dir='ltr'><strong>impositis</strong></span> <span class='ocrx_word' id='word_1_82' title='bbox 1275 1798 1441 1873; x_wconf 90' lang='lat' dir='ltr'><strong>custodiis</strong></span> <span class='ocrx_word' id='word_1_83' title='bbox 1470 1798 1507 1869; x_wconf 94' lang='lat' dir='ltr'><strong>in</strong></span> <span class='ocrx_word' id='word_1_84' title='bbox 1534 1797 1618 1893; x_wconf 91' lang='lat' dir='ltr'><strong>ipsis</strong></span> <span class='ocrx_word' id='word_1_85' title='bbox 1642 1800 1790 1873; x_wconf 87' lang='lat' dir='ltr'><strong>castellis</strong></span> <span class='ocrx_word' id='word_1_86' title='bbox 1836 1832 1839 1841; x_wconf 91' lang='lat'>·</span> 
     </span>
     <span class='ocr_line' id='line_1_10' title="bbox 382 1922 1789 2017; baseline 0.001 -22"><span class='ocrx_word' id='word_1_87' title='bbox 382 1944 445 2017; x_wconf 89' lang='lat' dir='ltr'><strong>per</strong></span> <span class='ocrx_word' id='word_1_88' title='bbox 466 1933 606 2017; x_wconf 92' lang='lat' dir='ltr'><strong>pontem</strong></span> <span class='ocrx_word' id='word_1_89' title='bbox 630 1922 676 1996; x_wconf 93' lang='lat' dir='ltr'><strong>de</strong></span> <span class='ocrx_word' id='word_1_90' title='bbox 695 1922 886 1998; x_wconf 87' lang='lat' dir='ltr'><strong>blarcbaria</strong></span> <span class='ocrx_word' id='word_1_91' title='bbox 909 1923 1079 1997; x_wconf 87' lang='lat' dir='ltr'><strong>transiens</strong></span> <span class='ocrx_word' id='word_1_92' title='bbox 1102 1923 1200 1997; x_wconf 90' lang='lat' dir='ltr'><strong>venit</strong></span> <span class='ocrx_word' id='word_1_93' title='bbox 1226 1922 1439 1997; x_wconf 86' lang='lat' dir='ltr'><strong>Cremonam.</strong></span> <span class='ocrx_word' id='word_1_94' title='bbox 1458 1922 1544 1993; x_wconf 89' lang='lat' dir='ltr'><strong>Cum</strong></span> <span class='ocrx_word' id='word_1_95' title='bbox 1570 1922 1662 1995; x_wconf 90' lang='lat' dir='ltr'><strong>enim</strong></span> <span class='ocrx_word' id='word_1_96' title='bbox 1686 1924 1789 1997; x_wconf 89' lang='lat' dir='ltr'><strong>vellet</strong></span> 
     </span>
     <span class='ocr_line' id='line_1_11' title="bbox 382 2042 1789 2142; baseline -0.001 -24"><span class='ocrx_word' id='word_1_97' title='bbox 382 2046 522 2141; x_wconf 91' lang='lat' dir='ltr'><strong>Papiam</strong></span> <span class='ocrx_word' id='word_1_98' title='bbox 544 2045 590 2142; x_wconf 86' lang='lat' dir='ltr'><strong>(c)</strong></span> <span class='ocrx_word' id='word_1_99' title='bbox 619 2045 806 2141; x_wconf 83' lang='lat' dir='ltr'><strong>proficisci,</strong></span> <span class='ocrx_word' id='word_1_100' title='bbox 834 2046 1109 2121; x_wconf 87' lang='lat' dir='ltr'><strong>Mediolanenses</strong></span> <span class='ocrx_word' id='word_1_101' title='bbox 1137 2066 1218 2116; x_wconf 90' lang='lat' dir='ltr'><strong>cum</strong></span> <span class='ocrx_word' id='word_1_102' title='bbox 1244 2044 1394 2133; x_wconf 89' lang='lat' dir='ltr'><strong>curceio,</strong></span> <span class='ocrx_word' id='word_1_103' title='bbox 1414 2042 1626 2135; x_wconf 88' lang='lat' dir='ltr'><strong>Laudenses,</strong></span> <span class='ocrx_word' id='word_1_104' title='bbox 1647 2044 1789 2119; x_wconf 86' lang='lat' dir='ltr'><strong>Vercel-</strong></span> 
     </span>
     <span class='ocr_line' id='line_1_12' title="bbox 382 2166 1788 2266; baseline 0 -25"><span class='ocrx_word' id='word_1_105' title='bbox 382 2170 508 2259; x_wconf 88' lang='lat' dir='ltr'><strong>lenses,</strong></span> <span class='ocrx_word' id='word_1_106' title='bbox 525 2170 766 2261; x_wconf 91' lang='lat' dir='ltr'><strong>Novarienses,</strong></span> <span class='ocrx_word' id='word_1_107' title='bbox 787 2169 932 2243; x_wconf 88' lang='lat' dir='ltr'><strong>Cumani</strong></span> <span class='ocrx_word' id='word_1_108' title='bbox 945 2169 1008 2266; x_wconf 90' lang='lat' dir='ltr'><strong>(d),</strong></span> <span class='ocrx_word' id='word_1_109' title='bbox 1025 2168 1317 2243; x_wconf 85' lang='lat' dir='ltr'><strong>Alexandrienses</strong></span> <span class='ocrx_word' id='word_1_110' title='bbox 1338 2176 1373 2240; x_wconf 89' lang='lat' dir='ltr'><strong>et</strong></span> <span class='ocrx_word' id='word_1_111' title='bbox 1389 2168 1447 2239; x_wconf 92' lang='lat' dir='ltr'><strong>alii</strong></span> <span class='ocrx_word' id='word_1_112' title='bbox 1460 2166 1507 2263; x_wconf 83' lang='lat' dir='ltr'><strong>(e)</strong></span> <span class='ocrx_word' id='word_1_113' title='bbox 1522 2168 1619 2263; x_wconf 90' lang='lat' dir='ltr'><strong>apud</strong></span> <span class='ocrx_word' id='word_1_114' title='bbox 1633 2169 1788 2243; x_wconf 88' lang='lat' dir='ltr'><strong>Laudam</strong></span> 
     </span>
     <span class='ocr_line' id='line_1_13' title="bbox 382 2292 1788 2390; baseline 0.001 -25"><span class='ocrx_word' id='word_1_115' title='bbox 382 2294 527 2388; x_wconf 81' lang='lat' dir='ltr'><strong>Vegiam</strong></span> <span class='ocrx_word' id='word_1_116' title='bbox 545 2293 627 2367; x_wconf 87' lang='lat' dir='ltr'><strong>fixis</strong></span> <span class='ocrx_word' id='word_1_117' title='bbox 650 2296 839 2389; x_wconf 90' lang='lat' dir='ltr'><strong>temptoriis</strong></span> <span class='ocrx_word' id='word_1_118' title='bbox 854 2296 1069 2370; x_wconf 84' lang='lat' dir='ltr'><strong>resistebant.</strong></span> <span class='ocrx_word' id='word_1_119' title='bbox 1092 2295 1275 2390; x_wconf 87' lang='lat' dir='ltr'><strong>Propterea</strong></span> <span class='ocrx_word' id='word_1_120' title='bbox 1298 2293 1475 2382; x_wconf 80' lang='lat' dir='ltr'><strong>Paduam,</strong></span> <span class='ocrx_word' id='word_1_121' title='bbox 1496 2292 1685 2383; x_wconf 76' lang='lat' dir='ltr'><strong>Picentini,</strong></span> <span class='ocrx_word' id='word_1_122' title='bbox 1706 2297 1788 2369; x_wconf 86' lang='lat' dir='ltr'><strong>Ter-</strong></span> 
     </span>
     <span class='ocr_line' id='line_1_14' title="bbox 382 2416 1790 2510; baseline 0.004 -22"><span class='ocrx_word' id='word_1_123' title='bbox 382 2416 647 2506; x_wconf 80' lang='lat' dir='ltr'><strong>vexani,romes</strong></span> <span class='ocrx_word' id='word_1_124' title='bbox 656 2419 771 2490; x_wconf 90' lang='lat' dir='ltr'><strong>Sancti</strong></span> <span class='ocrx_word' id='word_1_125' title='bbox 780 2420 957 2510; x_wconf 84' lang='lat' dir='ltr'><strong>Bonilacii,</strong></span> <span class='ocrx_word' id='word_1_126' title='bbox 968 2418 1122 2492; x_wconf 91' lang='lat' dir='ltr'><strong>marchio</strong></span> <span class='ocrx_word' id='word_1_127' title='bbox 1133 2416 1179 2491; x_wconf 92' lang='lat' dir='ltr'><strong>de</strong></span> <span class='ocrx_word' id='word_1_128' title='bbox 1190 2418 1252 2491; x_wconf 84' lang='lat' dir='ltr'><strong>llst</strong></span> <span class='ocrx_word' id='word_1_129' title='bbox 1261 2439 1342 2490; x_wconf 91' lang='lat' dir='ltr'><strong>cum</strong></span> <span class='ocrx_word' id='word_1_130' title='bbox 1350 2416 1537 2505; x_wconf 73' lang='lat' dir='ltr'><strong>veneticis,</strong></span> <span class='ocrx_word' id='word_1_131' title='bbox 1547 2417 1613 2489; x_wconf 89' lang='lat' dir='ltr'><strong>illis</strong></span> <span class='ocrx_word' id='word_1_132' title='bbox 1625 2418 1670 2491; x_wconf 89' lang='lat' dir='ltr'><strong>de</strong></span> <span class='ocrx_word' id='word_1_133' title='bbox 1678 2420 1790 2494; x_wconf 86' lang='lat' dir='ltr'><strong>Feltro</strong></span> 
     </span>
     <span class='ocr_line' id='line_1_15' title="bbox 383 2538 1789 2639; baseline 0.003 -28"><span class='ocrx_word' id='word_1_134' title='bbox 383 2548 419 2611; x_wconf 92' lang='lat' dir='ltr'><strong>et</strong></span> <span class='ocrx_word' id='word_1_135' title='bbox 433 2539 596 2613; x_wconf 90' lang='lat' dir='ltr'><strong>Citadella</strong></span> <span class='ocrx_word' id='word_1_136' title='bbox 614 2550 648 2613; x_wconf 93' lang='lat' dir='ltr'><strong>et</strong></span> <span class='ocrx_word' id='word_1_137' title='bbox 665 2541 756 2632; x_wconf 92' lang='lat' dir='ltr'><strong>aliis,</strong></span> <span class='ocrx_word' id='word_1_138' title='bbox 773 2551 922 2614; x_wconf 85' lang='lat' dir='ltr'><strong>castrum</strong></span> <span class='ocrx_word' id='word_1_139' title='bbox 937 2542 1070 2637; x_wconf 86' lang='lat' dir='ltr'><strong>Ripalta</strong></span> <span class='ocrx_word' id='word_1_140' title='bbox 1086 2544 1221 2615; x_wconf 77' lang='lat' dir='ltr'><strong>verone</strong></span> <span class='ocrx_word' id='word_1_141' title='bbox 1236 2540 1449 2615; x_wconf 88' lang='lat' dir='ltr'><strong>obsedebant</strong></span> <span class='ocrx_word' id='word_1_142' title='bbox 1462 2538 1548 2635; x_wconf 81' lang='lat' dir='ltr'><strong>(sic).</strong></span> <span class='ocrx_word' id='word_1_143' title='bbox 1563 2540 1661 2614; x_wconf 91' lang='lat' dir='ltr'><strong>Unde</strong></span> <span class='ocrx_word' id='word_1_144' title='bbox 1675 2543 1789 2639; x_wconf 92' lang='lat' dir='ltr'><strong>impe-</strong></span> 
     </span>
     <span class='ocr_line' id='line_1_16' title="bbox 384 2662 1790 2760; baseline 0.004 -26"><span class='ocrx_word' id='word_1_145' title='bbox 384 2671 477 2734; x_wconf 89' lang='lat' dir='ltr'><strong>rator</strong></span> <span class='ocrx_word' id='word_1_146' title='bbox 488 2664 608 2735; x_wconf 91' lang='lat' dir='ltr'><strong>volens</strong></span> <span class='ocrx_word' id='word_1_147' title='bbox 616 2664 797 2756; x_wconf 89' lang='lat' dir='ltr'><strong>juvamina</strong></span> <span class='ocrx_word' id='word_1_148' title='bbox 807 2664 1124 2759; x_wconf 90' lang='lat' dir='ltr'><strong>prestareYzolino,</strong></span> <span class='ocrx_word' id='word_1_149' title='bbox 1134 2686 1253 2737; x_wconf 91' lang='lat' dir='ltr'><strong>mense</strong></span> <span class='ocrx_word' id='word_1_150' title='bbox 1265 2662 1463 2739; x_wconf 89' lang='lat' dir='ltr'><strong>novembris</strong></span> <span class='ocrx_word' id='word_1_151' title='bbox 1477 2665 1626 2759; x_wconf 86' lang='lat' dir='ltr'><strong>proximi</strong></span> <span class='ocrx_word' id='word_1_152' title='bbox 1638 2666 1790 2760; x_wconf 91' lang='lat' dir='ltr'><strong>quadam</strong></span> 
     </span>
     <span class='ocr_line' id='line_1_17' title="bbox 384 2786 1792 2884; baseline 0.004 -26"><span class='ocrx_word' id='word_1_153' title='bbox 384 2786 442 2859; x_wconf 92' lang='lat' dir='ltr'><strong>die</strong></span> <span class='ocrx_word' id='word_1_154' title='bbox 458 2787 550 2860; x_wconf 88' lang='lat' dir='ltr'><strong>eirca</strong></span> <span class='ocrx_word' id='word_1_155' title='bbox 565 2808 728 2883; x_wconf 89' lang='lat' dir='ltr'><strong>vesperas</strong></span> <span class='ocrx_word' id='word_1_156' title='bbox 746 2797 861 2860; x_wconf 91' lang='lat' dir='ltr'><strong>motus</strong></span> <span class='ocrx_word' id='word_1_157' title='bbox 877 2810 899 2861; x_wconf 92' lang='lat' dir='ltr'><strong>a</strong></span> <span class='ocrx_word' id='word_1_158' title='bbox 912 2787 1078 2862; x_wconf 88' lang='lat' dir='ltr'><strong>Cremona</strong></span> <span class='ocrx_word' id='word_1_159' title='bbox 1092 2809 1173 2862; x_wconf 89' lang='lat' dir='ltr'><strong>cum</strong></span> <span class='ocrx_word' id='word_1_160' title='bbox 1188 2788 1343 2860; x_wconf 85' lang='lat' dir='ltr'><strong>exercitu</strong></span> <span class='ocrx_word' id='word_1_161' title='bbox 1359 2788 1528 2859; x_wconf 83' lang='lat' dir='ltr'><strong>Veronam</strong></span> <span class='ocrx_word' id='word_1_162' title='bbox 1544 2790 1742 2884; x_wconf 90' lang='lat' dir='ltr'><strong>properavit</strong></span> <span class='ocrx_word' id='word_1_163' title='bbox 1757 2800 1792 2863; x_wconf 91' lang='lat' dir='ltr'><strong>et</strong></span> 
     </span>
     <span class='ocr_line' id='line_1_18' title="bbox 384 2910 1792 3005; baseline 0.005 -24"><span class='ocrx_word' id='word_1_164' title='bbox 384 2931 464 2981; x_wconf 89' lang='lat' dir='ltr'><strong>curn</strong></span> <span class='ocrx_word' id='word_1_165' title='bbox 480 2910 625 2984; x_wconf 90' lang='lat' dir='ltr'><strong>Yzolino</strong></span> <span class='ocrx_word' id='word_1_166' title='bbox 637 2913 742 3005; x_wconf 84' lang='lat' dir='ltr'><strong>juxta</strong></span> <span class='ocrx_word' id='word_1_167' title='bbox 758 2913 948 2986; x_wconf 84' lang='lat' dir='ltr'><strong>exercitum</strong></span> <span class='ocrx_word' id='word_1_168' title='bbox 967 2913 1186 2985; x_wconf 91' lang='lat' dir='ltr'><strong>inimicorum</strong></span> <span class='ocrx_word' id='word_1_169' title='bbox 1203 2933 1268 2984; x_wconf 90' lang='lat' dir='ltr'><strong>sua</strong></span> <span class='ocrx_word' id='word_1_170' title='bbox 1285 2920 1395 2984; x_wconf 89' lang='lat' dir='ltr'><strong>castra</strong></span> <span class='ocrx_word' id='word_1_171' title='bbox 1411 2911 1539 3005; x_wconf 90' lang='lat' dir='ltr'><strong>posuit.</strong></span> <span class='ocrx_word' id='word_1_172' title='bbox 1561 2912 1792 3005; x_wconf 81' lang='lat' dir='ltr'><strong>Intelligentes</strong></span> 
     </span>
     <span class='ocr_line' id='line_1_19' title="bbox 383 3034 1792 3133; baseline 0.004 -28"><span class='ocrx_word' id='word_1_173' title='bbox 383 3034 539 3107; x_wconf 90' lang='lat' dir='ltr'><strong>Paduani</strong></span> <span class='ocrx_word' id='word_1_174' title='bbox 555 3044 591 3108; x_wconf 93' lang='lat' dir='ltr'><strong>et</strong></span> <span class='ocrx_word' id='word_1_175' title='bbox 613 3037 718 3109; x_wconf 89' lang='lat' dir='ltr'><strong>ceteri</strong></span> <span class='ocrx_word' id='word_1_176' title='bbox 739 3038 979 3133; x_wconf 91' lang='lat' dir='ltr'><strong>imperatorem</strong></span> <span class='ocrx_word' id='word_1_177' title='bbox 996 3036 1199 3125; x_wconf 89' lang='lat' dir='ltr'><strong>advenisse,</strong></span> <span class='ocrx_word' id='word_1_178' title='bbox 1215 3036 1330 3109; x_wconf 90' lang='lat' dir='ltr'><strong>statim</strong></span> <span class='ocrx_word' id='word_1_179' title='bbox 1346 3034 1447 3107; x_wconf 90' lang='lat' dir='ltr'><strong>motis</strong></span> <span class='ocrx_word' id='word_1_180' title='bbox 1463 3056 1582 3107; x_wconf 90' lang='lat' dir='ltr'><strong>eorum</strong></span> <span class='ocrx_word' id='word_1_181' title='bbox 1602 3038 1792 3131; x_wconf 92' lang='lat' dir='ltr'><strong>temptoriis</strong></span> 
     </span>
     <span class='ocr_line' id='line_1_20' title="bbox 384 3158 1791 3256; baseline 0.002 -25"><span class='ocrx_word' id='word_1_182' title='bbox 384 3158 430 3231; x_wconf 89' lang='lat' dir='ltr'><strong>ad</strong></span> <span class='ocrx_word' id='word_1_183' title='bbox 452 3159 590 3254; x_wconf 89' lang='lat' dir='ltr'><strong>propria</strong></span> <span class='ocrx_word' id='word_1_184' title='bbox 606 3169 772 3255; x_wconf 90' lang='lat' dir='ltr'><strong>ceperunt</strong></span> <span class='ocrx_word' id='word_1_185' title='bbox 784 3182 949 3234; x_wconf 82' lang='lat' dir='ltr'><strong>remeare.</strong></span> <span class='ocrx_word' id='word_1_186' title='bbox 973 3161 1064 3233; x_wconf 88' lang='lat' dir='ltr'><strong>Dum</strong></span> <span class='ocrx_word' id='word_1_187' title='bbox 1082 3169 1198 3233; x_wconf 88' lang='lat' dir='ltr'><strong>autem</strong></span> <span class='ocrx_word' id='word_1_188' title='bbox 1219 3158 1270 3231; x_wconf 90' lang='lat' dir='ltr'><strong>sic</strong></span> <span class='ocrx_word' id='word_1_189' title='bbox 1287 3158 1499 3251; x_wconf 86' lang='lat' dir='ltr'><strong>recederent,</strong></span> <span class='ocrx_word' id='word_1_190' title='bbox 1516 3158 1679 3232; x_wconf 88' lang='lat' dir='ltr'><strong>qulinus</strong></span> <span class='ocrx_word' id='word_1_191' title='bbox 1697 3162 1791 3256; x_wconf 81' lang='lat' dir='ltr'><strong>cogi·</strong></span> 
     </span>
     <span class='ocr_line' id='line_1_21' title="bbox 384 3281 1792 3380; baseline 0.004 -27"><span class='ocrx_word' id='word_1_192' title='bbox 384 3281 471 3353; x_wconf 88' lang='lat' dir='ltr'><strong>tavit</strong></span> <span class='ocrx_word' id='word_1_193' title='bbox 499 3282 675 3356; x_wconf 87' lang='lat' dir='ltr'><strong>civitatem</strong></span> <span class='ocrx_word' id='word_1_194' title='bbox 706 3284 851 3357; x_wconf 81' lang='lat' dir='ltr'><strong>vicentii</strong></span> <span class='ocrx_word' id='word_1_195' title='bbox 880 3305 1003 3380; x_wconf 86' lang='lat' dir='ltr'><strong>capere</strong></span> <span class='ocrx_word' id='word_1_196' title='bbox 1026 3304 1140 3379; x_wconf 89' lang='lat' dir='ltr'><strong>posse.</strong></span> <span class='ocrx_word' id='word_1_197' title='bbox 1170 3282 1383 3355; x_wconf 90' lang='lat' dir='ltr'><strong>Festinanter</strong></span> <span class='ocrx_word' id='word_1_198' title='bbox 1417 3304 1497 3354; x_wconf 90' lang='lat' dir='ltr'><strong>cum</strong></span> <span class='ocrx_word' id='word_1_199' title='bbox 1520 3284 1593 3355; x_wconf 89' lang='lat' dir='ltr'><strong>suis</strong></span> <span class='ocrx_word' id='word_1_200' title='bbox 1624 3284 1792 3359; x_wconf 89' lang='lat' dir='ltr'><strong>militibus</strong></span> 
     </span>
     <span class='ocr_line' id='line_1_22' title="bbox 384 3403 1792 3503; baseline 0.002 -25"><span class='ocrx_word' id='word_1_201' title='bbox 384 3406 543 3500; x_wconf 87' lang='lat' dir='ltr'><strong>equitans</strong></span> <span class='ocrx_word' id='word_1_202' title='bbox 555 3406 729 3481; x_wconf 90' lang='lat' dir='ltr'><strong>civitatem</strong></span> <span class='ocrx_word' id='word_1_203' title='bbox 743 3408 889 3481; x_wconf 83' lang='lat' dir='ltr'><strong>llicentii</strong></span> <span class='ocrx_word' id='word_1_204' title='bbox 907 3408 1061 3499; x_wconf 87' lang='lat' dir='ltr'><strong>intravit,</strong></span> <span class='ocrx_word' id='word_1_205' title='bbox 1073 3415 1258 3503; x_wconf 90' lang='lat' dir='ltr'><strong>postquam</strong></span> <span class='ocrx_word' id='word_1_206' title='bbox 1274 3403 1320 3501; x_wconf 72' lang='lat' dir='ltr'><strong>(s)</strong></span> <span class='ocrx_word' id='word_1_207' title='bbox 1339 3406 1499 3478; x_wconf 88' lang='lat' dir='ltr'><strong>concives</strong></span> <span class='ocrx_word' id='word_1_208' title='bbox 1512 3404 1558 3478; x_wconf 90' lang='lat' dir='ltr'><strong>ad</strong></span> <span class='ocrx_word' id='word_1_209' title='bbox 1572 3406 1792 3501; x_wconf 87' lang='lat' dir='ltr'><strong>ipsamacce·</strong></span> 
     </span>
     <span class='ocr_line' id='line_1_23' title="bbox 385 3527 1794 3628; baseline 0.004 -28"><span class='ocrx_word' id='word_1_210' title='bbox 385 3527 506 3601; x_wconf 90' lang='lat' dir='ltr'><strong>derent</strong></span> <span class='ocrx_word' id='word_1_211' title='bbox 520 3529 708 3622; x_wconf 89' lang='lat' dir='ltr'><strong>civitatem,</strong></span> <span class='ocrx_word' id='word_1_212' title='bbox 720 3527 783 3628; x_wconf 91' lang='lat' dir='ltr'><strong>[et]</strong></span> <span class='ocrx_word' id='word_1_213' title='bbox 797 3532 911 3625; x_wconf 81' lang='lat' dir='ltr'><strong>ignem</strong></span> <span class='ocrx_word' id='word_1_214' title='bbox 922 3552 1087 3623; x_wconf 78' lang='lat' dir='ltr'><strong>magnum</strong></span> <span class='ocrx_word' id='word_1_215' title='bbox 1102 3531 1140 3602; x_wconf 94' lang='lat' dir='ltr'><strong>in</strong></span> <span class='ocrx_word' id='word_1_216' title='bbox 1153 3530 1264 3626; x_wconf 91' lang='lat' dir='ltr'><strong>ipsam</strong></span> <span class='ocrx_word' id='word_1_217' title='bbox 1278 3528 1454 3602; x_wconf 85' lang='lat' dir='ltr'><strong>civitatem</strong></span> <span class='ocrx_word' id='word_1_218' title='bbox 1464 3530 1634 3625; x_wconf 88' lang='lat' dir='ltr'><strong>apposuit.</strong></span> <span class='ocrx_word' id='word_1_219' title='bbox 1646 3530 1794 3625; x_wconf 80' lang='lat' dir='ltr'><strong>Cognos-</strong></span> 
     </span>
     <span class='ocr_line' id='line_1_24' title="bbox 385 3653 1795 3749; baseline 0.005 -26"><span class='ocrx_word' id='word_1_220' title='bbox 385 3662 502 3725; x_wconf 88' lang='lat' dir='ltr'><strong>centes</strong></span> <span class='ocrx_word' id='word_1_221' title='bbox 517 3675 600 3725; x_wconf 92' lang='lat' dir='ltr'><strong>vero</strong></span> <span class='ocrx_word' id='word_1_222' title='bbox 613 3654 786 3727; x_wconf 79' lang='lat' dir='ltr'><strong>vicentini</strong></span> <span class='ocrx_word' id='word_1_223' title='bbox 799 3677 821 3727; x_wconf 85' lang='lat' dir='ltr'><strong>a</strong></span> <span class='ocrx_word' id='word_1_224' title='bbox 835 3656 938 3748; x_wconf 80' lang='lat' dir='ltr'><strong>longe</strong></span> <span class='ocrx_word' id='word_1_225' title='bbox 952 3676 1071 3729; x_wconf 91' lang='lat' dir='ltr'><strong>eorum</strong></span> <span class='ocrx_word' id='word_1_226' title='bbox 1085 3654 1259 3727; x_wconf 90' lang='lat' dir='ltr'><strong>civitatem</strong></span> <span class='ocrx_word' id='word_1_227' title='bbox 1276 3661 1411 3748; x_wconf 90' lang='lat' dir='ltr'><strong>captam</strong></span> <span class='ocrx_word' id='word_1_228' title='bbox 1426 3653 1511 3744; x_wconf 83' lang='lat' dir='ltr'><strong>lore,</strong></span> <span class='ocrx_word' id='word_1_229' title='bbox 1527 3662 1656 3727; x_wconf 90' lang='lat' dir='ltr'><strong>terrore</strong></span> <span class='ocrx_word' id='word_1_230' title='bbox 1667 3676 1795 3749; x_wconf 79' lang='lat' dir='ltr'><strong>magno</strong></span> 
     </span>
     <span class='ocr_line' id='line_1_25' title="bbox 384 3775 1795 3873; baseline 0.001 -26"><span class='ocrx_word' id='word_1_231' title='bbox 384 3776 552 3871; x_wconf 88' lang='lat' dir='ltr'><strong>perterriti</strong></span> <span class='ocrx_word' id='word_1_232' title='bbox 569 3776 615 3850; x_wconf 86' lang='lat' dir='ltr'><strong>ad</strong></span> <span class='ocrx_word' id='word_1_233' title='bbox 632 3777 718 3849; x_wconf 88' lang='lat' dir='ltr'><strong>alias</strong></span> <span class='ocrx_word' id='word_1_234' title='bbox 738 3786 854 3873; x_wconf 90' lang='lat' dir='ltr'><strong>partes</strong></span> <span class='ocrx_word' id='word_1_235' title='bbox 878 3778 1102 3853; x_wconf 89' lang='lat' dir='ltr'><strong>diverterunt.</strong></span> <span class='ocrx_word' id='word_1_236' title='bbox 1124 3776 1259 3850; x_wconf 87' lang='lat' dir='ltr'><strong>Eodem</strong></span> <span class='ocrx_word' id='word_1_237' title='bbox 1280 3797 1398 3849; x_wconf 91' lang='lat' dir='ltr'><strong>mense</strong></span> <span class='ocrx_word' id='word_1_238' title='bbox 1421 3775 1634 3867; x_wconf 87' lang='lat' dir='ltr'><strong>novembris,</strong></span> <span class='ocrx_word' id='word_1_239' title='bbox 1658 3777 1795 3851; x_wconf 89' lang='lat' dir='ltr'><strong>Salien-</strong></span> 
     </span>
     <span class='ocr_line' id='line_1_26' title="bbox 386 3898 1795 3999; baseline 0.003 -28"><span class='ocrx_word' id='word_1_240' title='bbox 386 3922 511 3993; x_wconf 84' lang='lat' dir='ltr'><strong>guerra</strong></span> <span class='ocrx_word' id='word_1_241' title='bbox 537 3922 617 3972; x_wconf 93' lang='lat' dir='ltr'><strong>cum</strong></span> <span class='ocrx_word' id='word_1_242' title='bbox 637 3901 911 3975; x_wconf 87' lang='lat' dir='ltr'><strong>Ferrariensibns</strong></span> <span class='ocrx_word' id='word_1_243' title='bbox 931 3902 1048 3999; x_wconf 89' lang='lat' dir='ltr'><strong>paruit</strong></span> <span class='ocrx_word' id='word_1_244' title='bbox 1071 3900 1242 3974; x_wconf 87' lang='lat' dir='ltr'><strong>mandatis</strong></span> <span class='ocrx_word' id='word_1_245' title='bbox 1266 3898 1492 3995; x_wconf 89' lang='lat' dir='ltr'><strong>imperatoris.</strong></span> <span class='ocrx_word' id='word_1_246' title='bbox 1517 3898 1678 3972; x_wconf 91' lang='lat' dir='ltr'><strong>Similiter</strong></span> <span class='ocrx_word' id='word_1_247' title='bbox 1699 3900 1795 3975; x_wconf 89' lang='lat' dir='ltr'><strong>Ghe-</strong></span> 
     </span>
     <span class='ocr_line' id='line_1_27' title="bbox 386 4021 1792 4117; baseline 0.002 -25"><span class='ocrx_word' id='word_1_248' title='bbox 386 4023 461 4094; x_wconf 90' lang='lat' dir='ltr'><strong>cius</strong></span> <span class='ocrx_word' id='word_1_249' title='bbox 476 4022 522 4095; x_wconf 94' lang='lat' dir='ltr'><strong>de</strong></span> <span class='ocrx_word' id='word_1_250' title='bbox 534 4023 675 4096; x_wconf 85' lang='lat' dir='ltr'><strong>Camino</strong></span> <span class='ocrx_word' id='word_1_251' title='bbox 691 4045 770 4095; x_wconf 90' lang='lat' dir='ltr'><strong>cum</strong></span> <span class='ocrx_word' id='word_1_252' title='bbox 787 4024 866 4097; x_wconf 89' lang='lat' dir='ltr'><strong>aliis</strong></span> <span class='ocrx_word' id='word_1_253' title='bbox 886 4024 932 4098; x_wconf 94' lang='lat' dir='ltr'><strong>de</strong></span> <span class='ocrx_word' id='word_1_254' title='bbox 955 4024 1095 4098; x_wconf 87' lang='lat' dir='ltr'><strong>Camino</strong></span> <span class='ocrx_word' id='word_1_255' title='bbox 1117 4044 1237 4096; x_wconf 91' lang='lat' dir='ltr'><strong>eorum</strong></span> <span class='ocrx_word' id='word_1_256' title='bbox 1255 4032 1366 4095; x_wconf 86' lang='lat' dir='ltr'><strong>castra</strong></span> <span class='ocrx_word' id='word_1_257' title='bbox 1388 4022 1585 4117; x_wconf 88' lang='lat' dir='ltr'><strong>imperatori</strong></span> <span class='ocrx_word' id='word_1_258' title='bbox 1608 4021 1792 4115; x_wconf 92' lang='lat' dir='ltr'><strong>dederunt,</strong></span> 
     </span>
     <span class='ocr_line' id='line_1_28' title="bbox 387 4144 1795 4243; baseline 0.001 -26"><span class='ocrx_word' id='word_1_259' title='bbox 387 4144 623 4240; x_wconf 88' lang='lat' dir='ltr'><strong>episcopatum</strong></span> <span class='ocrx_word' id='word_1_260' title='bbox 646 4147 793 4220; x_wconf 81' lang='lat' dir='ltr'><strong>Trivinii</strong></span> <span class='ocrx_word' id='word_1_261' title='bbox 811 4170 923 4243; x_wconf 89' lang='lat' dir='ltr'><strong>usque</strong></span> <span class='ocrx_word' id='word_1_262' title='bbox 943 4148 990 4221; x_wconf 90' lang='lat' dir='ltr'><strong>ad</strong></span> <span class='ocrx_word' id='word_1_263' title='bbox 1010 4146 1185 4221; x_wconf 87' lang='lat' dir='ltr'><strong>civitatem</strong></span> <span class='ocrx_word' id='word_1_264' title='bbox 1201 4146 1430 4221; x_wconf 87' lang='lat' dir='ltr'><strong>devastantes.</strong></span> <span class='ocrx_word' id='word_1_265' title='bbox 1447 4146 1485 4217; x_wconf 93' lang='lat' dir='ltr'><strong>ln</strong></span> <span class='ocrx_word' id='word_1_266' title='bbox 1504 4146 1662 4241; x_wconf 79' lang='lat' dir='ltr'><strong>proximo</strong></span> <span class='ocrx_word' id='word_1_267' title='bbox 1677 4168 1795 4221; x_wconf 91' lang='lat' dir='ltr'><strong>mense</strong></span> 
     </span>
    </p>
   </div>
   <div class='ocr_carea' id='block_1_3' title="bbox 428 4383 808 4887">
    <p class='ocr_par' dir='ltr' id='par_1_3' title="bbox 428 4383 808 4887">
     <span class='ocr_line' id='line_1_29' title="bbox 428 4383 772 4465; baseline 0.012 -20"><span class='ocrx_word' id='word_1_268' title='bbox 428 4383 471 4465; x_wconf 83' lang='lat' dir='ltr'><strong>(a)</strong></span> <span class='ocrx_word' id='word_1_269' title='bbox 493 4388 529 4447; x_wconf 85' lang='lat' dir='ltr'><strong>In</strong></span> <span class='ocrx_word' id='word_1_270' title='bbox 542 4386 643 4448; x_wconf 79' lang='lat' dir='ltr'><strong>codiee</strong></span> <span class='ocrx_word' id='word_1_271' title='bbox 658 4385 772 4449; x_wconf 72' lang='lat' dir='ltr'><strong>Gladim.</strong></span> 
     </span>
     <span class='ocr_line' id='line_1_30' title="bbox 428 4490 798 4571; baseline 0.003 -20"><span class='ocrx_word' id='word_1_272' title='bbox 428 4490 472 4571; x_wconf 77' lang='lat' dir='ltr'><strong>(b)</strong></span> <span class='ocrx_word' id='word_1_273' title='bbox 492 4494 528 4553; x_wconf 93' lang='lat' dir='ltr'><strong>ln</strong></span> <span class='ocrx_word' id='word_1_274' title='bbox 542 4492 642 4554; x_wconf 87' lang='lat' dir='ltr'><strong>codlce</strong></span> <span class='ocrx_word' id='word_1_275' title='bbox 654 4493 798 4567; x_wconf 73' lang='lat' dir='ltr'><strong>proeium</strong></span> 
     </span>
     <span class='ocr_line' id='line_1_31' title="bbox 428 4595 755 4679; baseline 0.009 -24"><span class='ocrx_word' id='word_1_276' title='bbox 428 4595 467 4676; x_wconf 86' lang='lat' dir='ltr'><strong>(c)</strong></span> <span class='ocrx_word' id='word_1_277' title='bbox 487 4598 525 4657; x_wconf 91' lang='lat' dir='ltr'><strong>In</strong></span> <span class='ocrx_word' id='word_1_278' title='bbox 538 4598 637 4659; x_wconf 87' lang='lat' dir='ltr'><strong>codles</strong></span> <span class='ocrx_word' id='word_1_279' title='bbox 647 4599 755 4679; x_wconf 82' lang='lat' dir='ltr'><strong>Pupia.</strong></span> 
     </span>
     <span class='ocr_line' id='line_1_32' title="bbox 429 4700 808 4779; baseline 0 -15"><span class='ocrx_word' id='word_1_280' title='bbox 429 4700 473 4779; x_wconf 83' lang='lat' dir='ltr'><strong>(d)</strong></span> <span class='ocrx_word' id='word_1_281' title='bbox 494 4703 530 4764; x_wconf 95' lang='lat' dir='ltr'><strong>In</strong></span> <span class='ocrx_word' id='word_1_282' title='bbox 544 4705 645 4766; x_wconf 84' lang='lat' dir='ltr'><strong>codice</strong></span> <span class='ocrx_word' id='word_1_283' title='bbox 660 4703 808 4767; x_wconf 74' lang='lat' dir='ltr'><strong>Cemetria.</strong></span> 
     </span>
     <span class='ocr_line' id='line_1_33' title="bbox 428 4805 726 4887; baseline 0.007 -20"><span class='ocrx_word' id='word_1_284' title='bbox 428 4805 468 4887; x_wconf 78' lang='lat' dir='ltr'><strong>(c)</strong></span> <span class='ocrx_word' id='word_1_285' title='bbox 488 4809 525 4869; x_wconf 91' lang='lat' dir='ltr'><strong>ln</strong></span> <span class='ocrx_word' id='word_1_286' title='bbox 539 4810 639 4871; x_wconf 88' lang='lat' dir='ltr'><strong>codlee</strong></span> <span class='ocrx_word' id='word_1_287' title='bbox 651 4808 726 4871; x_wconf 76' lang='lat' dir='ltr'><strong>aliis.</strong></span> 
     </span>
    </p>
   </div>
   <div class='ocr_carea' id='block_1_4' title="bbox 430 4913 980 4999">
    <p class='ocr_par' dir='ltr' id='par_1_4' title="bbox 430 4913 980 4999">
     <span class='ocr_line' id='line_1_34' title="bbox 430 4913 980 4999; baseline 0.002 -22"><span class='ocrx_word' id='word_1_288' title='bbox 430 4913 477 4994; x_wconf 70' lang='lat' dir='ltr'><strong>(f)</strong></span> <span class='ocrx_word' id='word_1_289' title='bbox 500 4916 560 4978; x_wconf 87' lang='lat' dir='ltr'><strong>Sto.</strong></span> <span class='ocrx_word' id='word_1_290' title='bbox 574 4917 694 4980; x_wconf 84' lang='lat' dir='ltr'><strong>Rectius</strong></span> <span class='ocrx_word' id='word_1_291' title='bbox 703 4924 803 4979; x_wconf 81' lang='lat' dir='ltr'><strong>tnmm</strong></span> <span class='ocrx_word' id='word_1_292' title='bbox 816 4922 980 4999; x_wconf 73' lang='lat' dir='ltr'><strong>mtequnut</strong></span> 
     </span>
    </p>
   </div>
   <div class='ocr_carea' id='block_1_5' title="bbox 0 0 2447 6356">
    <p class='ocr_par' dir='ltr' id='par_1_5' title="bbox 0 0 2447 6356">
     <span class='ocr_line' id='line_1_35' title="bbox 0 0 2447 6356; baseline 0 0"><span class='ocrx_word' id='word_1_293' title='bbox 0 0 2447 6356; x_wconf 95' lang='lat' dir='ltr'><strong> </strong></span> 
     </span>
    </p>
   </div>
  </div>
 </body>
</html>
