4859 6359
596 704 657 765 556
1116 711 1288 775 lillllllthl
1313 712 1484 774 SEP‘l'lbii
1614 757 1619 765 .
1802 715 1898 793 [Aac
1917 716 2002 779 laet.

595 844 784 936 precariam
810 856 1028 943 extorquere.
1058 848 1164 943 Quod
1188 849 1250 942 qui
1273 848 1387 920 iacere
1407 849 1654 945 presumpserit
1678 851 1921 945 omnipotentis
1942 855 2006 927 liei

596 966 869 1062 indignationem
889 980 924 1044 et
937 979 1088 1044 nostram
1103 991 1245 1065 gravem
1261 970 1426 1044 offensam
1443 992 1482 1043 se
1492 971 1627 1045 noverit
1643 972 1876 1046 incursurum.

643 1094 759 1167 Teates
776 1104 859 1167 aunt
873 1096 968 1168 hiis
993 1097 1263 1189 Magantinansis
1278 1095 1572 1191 archiepiscopus,
1585 1097 1628 1167 ii.
1640 1096 1795 1170 marchio
1808 1097 1854 1171 de
1870 1099 2002 1192 Baden,

593 1214 728 1289 Ulrians
741 1216 787 1290 de
799 1218 1029 1309 iinsomeche,
1048 1220 1221 1313 Piigrinns
1234 1218 1515 1314 deiimeringen,
1542 1219 1739 1295 iiawardos
1754 1222 2001 1315 Mosechnncir,

593 1339 728 1413 Uiricus
742 1350 776 1412 et
790 1342 1002 1415 Wernherns
1016 1342 1156 1435 notarii,
1178 1352 1212 1415 et
1229 1343 1288 1415 alii
1299 1345 1536 1439 quamplures.

640 1464 766 1535 Datum
777 1464 903 1554 Haiiis,
924 1486 1016 1537 anno
1030 1464 1203 1539 dominice
1222 1466 1466 1540 incarnationis
1481 1468 1663 1542 millesimo
1681 1468 1919 1544 ducentesimo
1935 1471 2003 1542 tri-

591 1588 723 1681 gesimo
735 1588 863 1684 primo,
883 1589 1039 1663 kalendis
1050 1588 1199 1662 octobris
1211 1587 1280 1685 (a),
1299 1589 1487 1663 indictione
1500 1593 1633 1687 quinta.

529 2213 535 2233 ι
641 2118 847 2223 flectione,
868 2118 1129 2202 Romanorum
1147 2142 1234 2221 rex,
1258 2128 1393 2200 notum
1414 2116 1505 2199 facit
1530 2118 1636 2227 quod
1661 2116 1876 2228 Berngerus
1903 2118 1997 2225 Spi-

533 2265 540 2278 '
587 2250 709 2333 reneis
727 2250 926 2359 episcopus
944 2250 1016 2333 sibi
1034 2249 1194 2335 contulit
1212 2249 1448 2333 advocatiam
1464 2249 1513 2331 de
1530 2249 1707 2333 Luzheim
1726 2250 1767 2331 in
1786 2249 1916 2357 leudo,
1931 2248 1998 2331 tali

586 2395 697 2495 pacto
715 2394 759 2467 ut
775 2385 876 2468 hano
892 2385 1128 2469 advocatiam
1146 2384 1255 2487 nullo
1272 2384 1388 2489 modo
1405 2383 1455 2467 ab
1472 2384 1632 2493 imperio
1650 2384 1843 2468 alienaret.

668 2596 827 2677 (ineditam
848 2615 888 2659 ex
908 2598 1043 2677 originali
1056 2600 1087 2659 in
1100 2598 1221 2660 archivo
1233 2597 1403 2679 stuttgart,
1425 2597 1505 2659 unda
1525 2596 1634 2676 pmdet
1654 2598 1783 2676 sigium
1802 2612 1920 2658 oerenm
1939 2595 1997 2658 iliis

705 2706 806 2767 sericis
817 2705 891 2769 iiavi
904 2710 935 2766 et
946 2704 1145 2768 amarantblni
1158 2702 1288 2784 coloris.)

632 2888 675 2958 ii.
694 2888 755 2960 Dei
777 2888 886 2982 gratia
904 2888 1135 2960 Romanorum
1160 2908 1224 2959 rex
1249 2906 1386 2981 semper
1408 2894 1596 2979 augustus,
1618 2884 1791 2957 universis
1803 2894 1994 2979 presentem

581 3012 744 3107 paginam
763 3012 968 3107 inspecturis
992 3012 1138 3104 gratiam
1166 3019 1319 3083 suamet
1342 3010 1608 3083 omnebonum.
1637 3008 1858 3081 Universitati
1882 3018 1995 3081 vestre

584 3135 854 3227 significandum
882 3135 1050 3209 duximus
1078 3135 1174 3229 quod
1204 3136 1398 3229 Berngerus
1415 3133 1586 3230 Spirensis
1614 3132 1815 3228 episcopus,
1848 3130 1994 3205 dilectos

583 3259 744 3355 princeps
770 3268 904 3350 noster,
933 3260 1077 3331 contulit
1102 3259 1200 3331 nobis
1228 3269 1263 3331 et
1283 3258 1539 3331 successoribus
1565 3258 1690 3329 nostris
1713 3255 1931 3329 advocatiam
1948 3254 1994 3329 dc

581 3382 745 3455 anheim
759 3383 796 3454 in
811 3382 934 3470 leudo,
953 3382 1012 3455 tali
1024 3384 1226 3478 interposita
1237 3382 1440 3455 condicione
1457 3391 1497 3453 nt
1512 3379 1661 3454 eandem
1676 3379 1892 3455 advocatiam
1906 3382 1992 3453 nulii

582 3504 683 3579 nobis
699 3506 799 3579 liceat
811 3504 992 3578 infeudare
1005 3505 1062 3577 vel
1078 3506 1145 3578 aiio
1159 3506 1276 3599 aliquo
1289 3502 1393 3578 modo
1405 3504 1451 3577 ab
1460 3506 1603 3601 imperio
1614 3505 1783 3594 alienare,
1803 3505 1867 3578 sed
1880 3506 1991 3601 ipsam

579 3630 627 3704 ad
643 3651 768 3702 manns
779 3638 911 3703 nostras
928 3650 1064 3725 semper
1075 3630 1225 3703 retinere
1236 3630 1440 3703 debeamus.
1457 3628 1513 3702 ta
1529 3632 1629 3723 cnjus
1641 3630 1691 3703 rei
1705 3628 1947 3703 certitudinem
1956 3639 1991 3702 et

578 3754 685 3826 robor
701 3752 1085 3849 perpetuovalitnrum,
1113 3764 1306 3849 presentem
1322 3754 1485 3849 paginam
1502 3752 1573 3827 lieri
1602 3764 1638 3827 et
1661 3754 1774 3849 sigilio
1801 3755 1990 3848 majestatis

580 3885 695 3949 nostre
711 3877 855 3949 lecimus
870 3876 1040 3971 insigniri.
1290 3853 1294 3859 ¹

627 4000 752 4072 Datum
766 4000 862 4095 apud
875 4000 1084 4094 Augustam,
1102 4021 1194 4074 anno
1206 3998 1379 4074 dominice
1396 4002 1638 4075 incarnationis
1656 4002 1836 4074 millasimo
1854 4001 1991 4073 dueen-

578 4124 699 4197 tesino
716 4124 877 4197 vicesimo
895 4122 946 4219 (i)
959 4125 1087 4219 primo,
1104 4124 1195 4196 Xilll
1208 4124 1375 4198 kalendas
1392 4126 1607 4217 novembris,
1626 4123 1813 4198 indictione
1821 4126 1864 4197 V.

620 4300 662 4381 (a)
686 4303 721 4363 in
743 4302 868 4362 Besoido
889 4301 996 4361 decimo
1009 4298 1147 4363 loleitdaa
1159 4301 1290 4364 mtoirris.
1305 4304 1348 4365 iit
1366 4320 1405 4365 ex
1423 4305 1571 4382 originali,
1586 4310 1621 4364 nt
1642 4320 1697 4365 nos
1715 4305 1832 4364 monuit
1852 4303 1986 4377 Kanaier,

578 4408 750 4485 simpliciter
763 4404 893 4468 labndir
906 4408 1064 4487 legendum
1077 4414 1132 4470 est.
1917 4418 1922 4423 '

612 4644 651 4718 (i)
670 4643 714 4701 Sic
735 4643 764 4699 in
785 4644 920 4717 originali,
934 4645 981 4703 sed
995 4644 1136 4717 legendum
1150 4646 1292 4702 tricesimo.
1306 4647 1411 4721 Nempe
1426 4646 1546 4704 notarius
1567 4646 1749 4704 innotatione
1769 4646 1831 4703 anni
1849 4644 1986 4703 evidente

577 4740 696 4813 erravit,
719 4747 778 4799 tum
791 4756 825 4799 ex
839 4740 990 4799 indictionis
1002 4758 1129 4813 numan,
1147 4746 1204 4800 tum
1221 4744 1285 4819 qnia
1295 4744 1461 4817 liarengems
1473 4760 1545 4803 anno
1557 4746 1624 4804 isat
1644 4744 1763 4802 nondum
1776 4742 1909 4818 spirando
1925 4742 1987 4817 api·

573 4854 673 4915 scopus
686 4844 753 4897 erat.
1984 4844 1989 4852 ·
