4859 6359
394 756 492 817 tmrcr.
507 755 552 839 9.]
848 754 1043 817 lllSTORlb
1068 754 1359 817 uffholtartcll.
1744 758 1801 820 871

394 888 570 981 nandum,
590 886 636 962 do
658 909 730 983 quo
752 887 886 963 hmam
908 901 1005 985 potes
1030 890 1195 966 fiduciam
1220 911 1358 985 gerere,
1379 887 1474 983 quod
1492 910 1571 962 cnm
1586 910 1608 963 a
1623 911 1660 963 se
1678 912 1743 965 sua
1764 902 1799 966 et

394 1034 478 1087 suos
498 1020 637 1109 propter
653 1014 766 1085 ileum
783 1012 997 1089 abdicaverit
1019 1026 1055 1089 et
1074 1015 1296 1111 semetipsum
1315 1014 1390 1106 ejus
1411 1012 1550 1085 servitio
1572 1013 1719 1087 totaliter
1738 1014 1800 1089 de-

395 1136 538 1226 dicarit,
563 1135 611 1209 ed
638 1156 681 1209 ea
707 1136 891 1209 dumtaxat
915 1137 1067 1210 studebit
1091 1136 1278 1233 precedere
1303 1135 1431 1230 quibus
1461 1134 1625 1209 bonorem
1648 1136 1800 1211 Ecclesie

394 1260 500 1355 possit
515 1280 559 1331 ue
571 1259 708 1355 imperii
726 1260 923 1350 confovere,
939 1262 1030 1333 sieut
1042 1282 1088 1334 ex
1105 1260 1215 1355 ipsius
1230 1260 1391 1355 operibus
1405 1258 1567 1353 colligere
1582 1260 1707 1355 poteris
1720 1262 1800 1333 evi-

395 1382 535 1474 denter;
552 1393 586 1455 et
609 1383 716 1477 siqui
736 1381 833 1457 aliod
849 1395 1054 1479 suggerant,
1081 1384 1271 1479 imperialis
1288 1382 1492 1479 excellentia
1513 1381 1670 1455 auditum
1694 1383 1799 1457 male-

395 1507 483 1579 volis
506 1506 700 1579 interdicat.
719 1506 872 1579 Tandem
895 1528 977 1579 vero
1001 1507 1122 1579 litteris
1148 1507 1217 1579 tuis
1234 1506 1397 1601 receptis,
1420 1506 1617 1601 petitionem
1637 1515 1731 1579 tuam
1754 1504 1799 1579 de

395 1630 562 1703 mittendo
584 1629 766 1725 adportes
786 1630 878 1725 ipsas
894 1630 1127 1703 venerabilem
1142 1633 1278 1703 fratrem
1302 1640 1454 1703 nostrum
1479 1628 1703 1724 patriarcham
1725 1630 1798 1702 llu-

395 1752 612 1843 tiochenum,
642 1762 781 1849 propter
808 1774 850 1826 eu
870 1776 941 1847 que
962 1755 1181 1849 premisimus
1206 1753 1426 1847 nequivimus
1452 1752 1632 1827 exaudire.
1656 1752 1712 1826 Ad
1733 1752 1798 1826 hec

395 1898 475 1949 enm
491 1877 677 1972 plurimum
696 1876 817 1949 honori
834 1886 895 1951 tuo
911 1877 1077 1972 expedire
1094 1878 1254 1951 credatur
1270 1886 1309 1947 nt
1326 1875 1515 1949 adventum
1535 1886 1633 1948 tuum
1652 1876 1799 1949 dilectus

394 1999 486 2073 lilius
502 2000 664 2095 magister
677 2000 858 2097 hospitalis
871 2002 995 2073 Sancte
1008 2000 1116 2075 biario
1131 2000 1418 2073 ‘theutonicorum
1435 1999 1706 2095 ierosolymiteni
1722 2020 1799 2095 pre·

394 2125 516 2216 cedat,
544 2126 782 2199 excellentiam
805 2134 901 2199 tuum
928 2124 1138 2197 monendam
1165 2108 1332 2197 duximus
1355 2122 1518 2196 attentius
1537 2132 1572 2196 et
1593 2120 1799 2197 hortandum

393 2259 564 2341 quatenus
588 2250 751 2343 magistro
766 2248 951 2343 injungens
971 2248 1085 2322 eidem
1107 2248 1203 2343 quod
1229 2247 1350 2321 laeiem
1376 2256 1470 2319 tuam
1496 2247 1616 2321 itinere
1638 2246 1799 2319 festinato

393 2372 597 2467 preveniens
612 2372 658 2445 ad
671 2380 823 2445 nostrum
836 2372 955 2445 venire
972 2370 1177 2467 presentiam
1193 2392 1263 2443 non
1281 2378 1474 2467 postponat,
1490 2371 1604 2466 ipsum
1618 2370 1797 2443 nobiscum

394 2494 439 2568 de
456 2496 524 2568 hiis
541 2517 610 2590 que
625 2495 672 2568 ad
691 2495 858 2567 honorem
873 2494 1027 2566 Ecclesia
1046 2502 1081 2567 et
1100 2494 1234 2589 imperii
1258 2495 1450 2589 pertineant
1475 2503 1697 2567 tractaturum
1722 2493 1796 2565 sine

394 2616 556 2692 dilutione
575 2619 783 2692 transmittes
799 2616 865 2713 (l).
883 2616 1062 2691 Credimus
1079 2618 1185 2709 enim,
1209 2617 1240 2689 si
1260 2618 1381 2689 nostris
1398 2614 1499 2689 detur
1515 2626 1606 2690 stare
1629 2616 1793 2708 consiliis,

393 2765 435 2816 ea
450 2764 513 2817 nos
531 2744 603 2815 Deo
619 2741 807 2834 adjuvante
826 2740 1029 2839 disponere,
1046 2740 1175 2837 quibus
1190 2740 1341 2813 conlusis
1357 2740 1452 2836 pacis
1474 2742 1597 2813 emulis
1612 2740 1796 2815 concordia

394 2868 481 2939 inter
496 2866 683 2939 Ecclesiam
703 2874 738 2939 et
754 2865 936 2961 imperium
961 2866 1144 2939 reformata
1166 2864 1445 2938 indissolubiliter
1468 2866 1579 2938 valeat
1602 2865 1792 2941 observari.

441 2992 568 3063 Datum
583 2993 792 3084 interamne,
809 2991 854 3065 tv
870 2988 950 3063 idue
963 2990 1077 3085 junii,
1098 3012 1190 3063 anno
1203 2988 1349 3063 decimo.

441 3113 579 3189 Adsunt
600 3116 741 3211 iusuper
759 3112 817 3211 (n¹·
836 3116 906 3186 t05
924 3124 960 3187 et
983 3112 1068 3209 l06)
1091 3135 1169 3185 eum
1193 3112 1284 3185 notis
1312 3112 1561 3207 chronologicis
1585 3112 1715 3186 eisdem
1742 3114 1798 3185 lit·

394 3249 487 3313 terae
503 3238 726 3335 Aquilegensi
744 3249 779 3312 et
797 3237 964 3311 Gradeusi
983 3236 1198 3335 patriurchis,
1218 3234 1477 3325 Mediolanensi,
1495 3236 1746 3311 Ravennatensi
1765 3246 1799 3312 et

394 3360 559 3436 lennensi
579 3360 844 3457 archiepiscopis
867 3381 1058 3454 eorumque
1080 3358 1320 3453 suffraganeis,
1343 3359 1519 3453 Papiensi,
1544 3360 1740 3434 Placentino
1765 3373 1800 3433 et

392 3488 601 3559 Ferrariensi
628 3486 817 3581 episeopis,
836 3486 1038 3575 abbatibus,
1059 3484 1231 3579 prioribus
1246 3492 1280 3556 et
1297 3482 1438 3556 caeteris
1459 3505 1522 3581 per
1543 3484 1606 3557 has
1625 3485 1799 3559 dioeceses

394 3606 587 3679 constitutis
603 3606 781 3701 praelatis,
804 3606 887 3677 item
902 3604 1077 3678 nobilibus
1089 3612 1124 3676 et
1141 3602 1444 3676 communitatibus
1465 3625 1527 3699 per
1543 3604 1797 3692 lombardiam,

396 3728 582 3802 marchiam
599 3729 811 3802 Terrisinam
835 3736 870 3800 et
890 3728 1128 3800 Romaniolam
1153 3726 1346 3799 constitutis
1365 3725 1535 3814 directae,
1555 3728 1683 3822 quibus
1709 3749 1801 3823 papa

394 3853 593 3950 episcopum
610 3853 845 3925 Prenestinum
860 3874 882 3925 a
899 3873 937 3924 se
953 3872 1033 3923 eum
1049 3852 1172 3946 plenae
1188 3850 1369 3944 legationis
1386 3850 1498 3923 officio
1513 3872 1574 3945 pro
1593 3872 1678 3946 pace
1694 3854 1798 3924 relor·

395 3975 522 4049 menda
538 3977 684 4048 mireum
699 3976 846 4048 nuntiat.

432 4332 469 4407 lt)
487 4333 570 4392 Puulo
580 4340 659 4404 onte,
673 4336 774 4393 seilicet
787 4338 803 4393 l
816 4336 899 4409 junii,
911 4336 1038 4408 magistre
1050 4335 1189 4410 hospitalis
1201 4335 1423 4395 'l'heutonieorum
1436 4351 1507 4411 papa
1524 4338 1668 4411 scripserat
1680 4342 1711 4393 ut
1724 4336 1758 4393 ad
1771 4352 1802 4395 se

394 4432 500 4489 reniret
508 4432 544 4489 de
552 4446 620 4505 paee
630 4433 701 4490 iuter
708 4432 855 4491 Ecclesium
867 4439 896 4491 ot
906 4433 1050 4507 imperium
1061 4440 1232 4493 boemones.
1247 4434 1340 4509 Incipit
1351 4452 1358 4491 ε
1369 4434 1409 4492 Ab
1418 4433 1521 4492 arbore.
1533 4436 1627 4493 batum
1640 4434 1804 4507 interamne,

396 4527 421 4585 11
434 4527 709 4601 conscientiarium
721 4531 800 4603 aptet.
811 4530 919 4603 enge.
932 4530 987 4599 11,
998 4544 1070 4587 anuo
1080 4529 1118 4601 x,
1131 4539 1163 4586 ιιο
1174 4532 1237 4587 tot.
