4859 6359
403 755 502 816 lrnrcr.
520 756 564 833 7.]
854 748 1050 811 HISTORIA
1074 747 1367 812 nlrnouarrcs.

641 1043 1577 1060 ..W-ummo·-

459 1333 623 1417 Sit'ridus
662 1329 907 1442 Maguntinus
952 1329 1255 1439 archiepiscopus
1291 1340 1328 1412 et
1362 1329 1479 1412 frater
1513 1330 1729 1414 heruardus
1765 1333 1813 1415 de
1837 1345 2018 1456 [cffiffiffi

402 1467 535 1550 ordine
565 1465 872 1550 Praedicatorum
902 1489 1023 1572 papae
1049 1463 1263 1547 rescribunt
1288 1465 1480 1576 quomodo
1507 1491 1531 1548 a
1553 1464 1729 1548 Conrado
1764 1466 1813 1549 de

402 1599 586 1708 Marhurg
610 1597 789 1681 fueritin
816 1595 969 1707 negotio
994 1595 1271 1678 haereticorum
1296 1622 1537 1704 processum3
1563 1597 1741 1680 nuntiant
1772 1623 1813 1680 se

402 1731 528 1840 primo
546 1731 649 1840 apud
669 1727 982 1828 Franoofurtum,
1001 1728 1138 1811 deinde
1168 1729 1272 1837 apud
1297 1727 1531 1838 Moguntiam
1558 1730 1734 1812 comitem
1764 1731 1813 1812 de

405 1861 516 1944 Scine
531 1871 569 1944 et
587 1861 682 1944 elios
699 1858 906 1943 infamatos
925 1859 966 1940 iu
987 1859 1191 1968 pristinum
1214 1868 1356 1942 statum
1378 1860 1603 1968 restituisse,
1624 1861 1813 1971 quidquid

405 1993 446 2075 in
464 1993 539 2078 hoc
555 1993 701 2105 egerim
718 1993 886 2076 senetim
903 2002 1145 2102 exponentes.

486 2208 609 2285 (insert.
627 2208 659 2267 tn
673 2203 800 2267 Atderr'cs’
821 2203 1063 2286 Trinmsoatiam
1075 2203 1200 2267 enom.
1219 2223 1268 2286 ap.
1290 2206 1448 2284 hunnus,
1469 2205 1576 2269 Aaou.
1592 2205 1710 2282 turea,
1731 2213 1754 2270 t.
1771 2209 1812 2283 11,

524 2330 557 2389 p.
573 2321 644 2387 eac,
661 2313 742 2388 sss.)

529 2501 690 2595 Diligenti
726 2502 815 2574 facta
850 2499 1076 2594 inquisitione
1103 2500 1297 2594 superista
1326 2501 1484 2596 pestifera
1511 2511 1604 2574 secte
1626 2501 1816 2575 Luciferis-

407 2646 529 2697 norum
547 2633 583 2696 et
597 2645 701 2720 snper
713 2623 915 2719 praedictis,
932 2623 1209 2719 archiepiscopus
1222 2623 1443 2718 Magantinus
1458 2633 1492 2698 et
1510 2625 1612 2698 frater
1623 2626 1817 2700 Bernardus

407 2747 453 2822 de
469 2747 593 2821 ordine
617 2746 913 2835 Praedicatorum,
936 2747 1113 2842 quondam
1135 2747 1419 2842 poenitentiarius
1434 2747 1565 2821 domini
1588 2771 1715 2844 papae,
1735 2771 1815 2822 res-

408 2872 602 2968 cripserunt
617 2871 758 2944 domino
775 2892 888 2966 papae
905 2871 941 2942 in
954 2871 1041 2943 haec
1056 2871 1163 2944 verba
1181 2896 1190 2940 z

461 3019 481 3065 u
501 2995 603 3081 Quod
629 2994 791 3089 magister
813 2992 991 3068 Conradns
1012 3003 1129 3066 eontra
1153 2995 1348 3090 Pauperum
1370 2993 1653 3088 Lugdunensium
1674 2999 1817 3070 astutias

410 3119 483 3192 neto
500 3117 584 3192 fidei
602 3126 772 3210 armatus,
788 3117 974 3190 nefandam
986 3116 1152 3204 heresim,
1170 3117 1426 3190 Manicheorum
1449 3116 1556 3190 tiliam
1575 3119 1655 3191 olim
1671 3119 1818 3193 abscon-

410 3242 535 3334 ditam,
561 3241 610 3314 ita
630 3242 770 3337 putavit
793 3263 840 3314 ex
865 3249 938 3314 toto
961 3239 1221 3336 deprehendere
1242 3241 1272 3314 si
1297 3249 1401 3314 testes
1422 3241 1484 3336 qui
1507 3263 1545 3314 se
1569 3241 1819 3317 confitebantur

412 3365 664 3460 aliquantutum
687 3365 841 3438 criminis
863 3385 985 3438 eorum
1003 3365 1160 3437 conscios
1179 3372 1214 3437 et
1231 3364 1433 3460 participes,
1454 3366 1490 3436 in
1509 3366 1645 3439 illorum
1666 3367 1822 3441 absentia

412 3489 662 3584 reciperentur,
686 3498 722 3562 et
745 3488 848 3562 dictis
865 3509 986 3562 eorum
1005 3488 1205 3584 simpliciter
1228 3487 1440 3580 crederetis
1464 3489 1511 3562 ita
1535 3498 1574 3561 ut
1591 3492 1698 3564 semel
1717 3512 1824 3565 accu-

414 3622 489 3685 sato
508 3613 586 3684 tatis
607 3611 748 3686 daretur
769 3613 864 3708 optio
884 3622 946 3685 aut
970 3622 1093 3708 sponte
1112 3610 1265 3684 confiteri
1288 3621 1323 3685 et
1345 3612 1483 3706 vivere,
1508 3621 1569 3687 aut
1594 3613 1823 3688 innocentiam

410 3736 528 3828 jurare
545 3745 581 3809 et
595 3736 710 3810 statim
728 3735 895 3809 comburi.
918 3737 962 3807 Et
985 3757 1067 3808 ecoe
1081 3736 1186 3808 falsos
1200 3744 1304 3809 testes
1321 3735 1366 3809 ab
1382 3735 1560 3828 hereticis,
1580 3747 1620 3809 ut
1636 3738 1820 3831 credimus,

415 3859 620 3933 subornatos
653 3859 803 3934 adduxit
830 3859 1005 3932 iuimicus.
1033 3859 1190 3945 Quedam
1221 3859 1349 3933 femina
1378 3882 1468 3956 vaga
1496 3860 1629 3935 Aleidis
1656 3884 1824 3936 annumm

412 3982 551 4074 viginti,
571 4004 654 4056 casu
676 3984 822 4057 veniens
838 3983 997 4078 Pigniam
1012 3981 1079 4078 (a),
1096 3981 1197 4054 finxit
1216 4003 1254 4056 se
1271 3983 1459 4056 hereticam
1477 3984 1569 4058 illiue
1588 3995 1696 4077 secte,
1718 3986 1825 4059 fuisse

415 4128 518 4179 suum
533 4108 649 4179 uirum
663 4107 759 4204 apud
775 4107 994 4182 Crunehorch
1012 4116 1266 4180 concrematum
1285 4117 1320 4181 at
1337 4129 1375 4181 se
1390 4109 1480 4181 uelle
1496 4111 1655 4202 cremari3
1677 4111 1824 4184 innuens

416 4229 562 4303 alatere
579 4230 726 4324 quodsi
750 4231 906 4304 Ecclesia
932 4230 1052 4304 verbis
1079 4231 1153 4303 suis
1174 4229 1386 4305 credendum
1413 4231 1627 4325 deeemeret‚
1657 4233 1824 4307 hereticos

459 4377 502 4457 (a)
523 4379 561 4440 In
573 4385 660 4441 textu
669 4380 871 4462 perreriam,
886 4379 967 4459 quod
982 4383 1026 4442 tta
1038 4381 1168 4441 correxit
1179 4380 1325 4444 leibnitz.
1341 4383 1477 4444 Fortasse
1496 4382 1650 4460 legmdum
1664 4381 1825 4466 Pinpuiam

421 4483 578 4567 (nepa).

418 4773 547 4848 potuerit,
557 4773 686 4846 maiorem
700 4775 881 4834 adhibendam
893 4775 973 4835 fldem
985 4791 1141 4850 cancamum
1156 4792 1283 4851 annoque
1297 4777 1365 4836 thet
1379 4776 1554 4838 adhaeremus
1568 4794 1621 4855 quo
1634 4797 1724 4856 regem
1733 4798 1827 4842 mense

419 4870 495 4946 apn'h
505 4870 578 4945 apud
590 4870 698 4943 spiram
710 4889 819 4948 quoque
830 4873 937 4932 stetisse
950 4873 1016 4932 nihil
1027 4874 1126 4933 obstat.

498 4971 553 5034 IV·
574 4987 631 5034 rm
643 4989 665 5034 ι
1631 4984 1668 5036 82
