4859 6359
991 733 1299 799 auntrauuurn

664 1008 1416 1021 ..η-Μ--ο--ο-ι-σσσ--ι-κ-
1420 1008 1621 1021 -υ-ιι-ο--ιι-

492 1256 698 1368 Gregorius
715 1282 814 1367 papa
840 1283 974 1367 pacem
991 1260 1088 1342 inter
1113 1258 1362 1364 aripennum,
1391 1258 1649 1342 Romanorum
1675 1258 1845 1368 impera-

437 1400 575 1499 torem,
595 1400 634 1475 et
650 1390 814 1475 barones
830 1390 940 1502 regni
957 1390 1287 1502 Hierosolymitani
1307 1390 1442 1473 initam
1459 1388 1672 1473 confirmat.

517 1602 853 1685 rumunnense
871 1602 980 1685 aaut
996 1566 1840 1687 napo.1r,ouoet.naporuaurneu,ap.nuuou.

555 1714 660 1790 imper.
674 1712 781 1788 Paris„
796 1728 868 1773 ann.
882 1712 967 1785 vul,
980 1721 1014 1773 n·
1028 1710 1074 1792 a.)

483 1896 611 1969 Datum
626 1896 796 1986 Laterani,
819 1896 866 1968 XI
880 1896 1047 1970 kalendas
1062 1896 1192 1992 aprilis,
1213 1894 1431 1992 pontificatus
1445 1918 1536 1970 anno
1554 1906 1690 1971 octavo.

488 2457 696 2569 Gregorius
726 2484 825 2569 papa
864 2458 1033 2543 nobilem
1065 2458 1191 2543 virum
1222 2458 1431 2543 Iohannem
1466 2461 1514 2544 de
1544 2461 1688 2545 ibelino
1715 2460 1841 2572 arguit

432 2592 538 2701 quod
557 2591 817 2697 Fridericum‚
844 2591 1105 2677 Romanorum
1135 2594 1424 2702 imperatorem,
1450 2594 1672 2704 gravissime
1710 2594 1839 2678 offen-

1894 1274 2010 1328 laterut.

1896 1330 1924 1371 22
1936 1332 2010 1374 martti

1924 1384 1984 1427 1234.

1919 2477 1981 2532 apud

1893 2530 2007 2584 Aaronom.

1860 2587 1970 2639 laugustl
1978 2586 2037 2630 12³4.

431 2724 549 2831 derit3
568 2749 730 2810 monens
753 2735 796 2808 ut
812 2725 935 2808 eidem
953 2752 1022 2835 per
1038 2727 1192 2809 nuntios
1210 2726 1505 2808 satisfactionem
1523 2726 1691 2809 debitam
1708 2724 1840 2809 offerat

431 2856 490 2942 vel
509 2884 550 2943 se
571 2858 802 2943 ordinationi
819 2856 1009 2941 Ecclesiae
1025 2858 1218 2943 Romanae
1240 2859 1464 2941 committat.

510 3068 575 3150 (Gi.
590 3088 690 3149 supra,
705 3086 734 3147 p.
751 3079 821 3131 tut.
836 3070 922 3132 Nunc
934 3071 1087 3149 epistolam
1097 3074 1243 3152 integram
1254 3072 1358 3133 damus
1372 3088 1411 3132 ex
1429 3072 1499 3132 Mas
1515 3072 1645 3146 Larara,
1660 3072 1785 3134 Ha'stolre
1801 3071 1836 3133 cle

549 3172 609 3236 l’lle
625 3175 661 3237 cle
681 3175 795 3256 Glypre
811 3194 877 3238 sonu
894 3174 1059 3255 lapsinosa
1076 3174 1111 3238 de
1131 3174 1161 3237 lu
1178 3178 1290 3237 manen
1307 3176 1343 3237 de
1358 3178 1520 3259 Larignum
1535 3185 1560 3239 t.
1574 3179 1637 3253 111,
1652 3196 1683 3257 p.
1708 3186 1784 3254 640,
1799 3194 1835 3239 ex

548 3290 656 3362 regest.
670 3282 794 3363 Gregor.
810 3283 865 3359 lx,
880 3300 952 3345 ann.
966 3284 1052 3358 VIII,
1065 3286 1151 3362 epist.
1169 3292 1238 3360 184,
1252 3287 1285 3344 in
1295 3284 1415 3345 archivo
1425 3284 1590 3360 Vaticano.)

478 3465 662 3561 Gregorius
676 3470 873 3564 episeopus,
890 3489 1013 3541 servus
1028 3490 1206 3541 servorum
1224 3470 1299 3560 Dei,
1313 3468 1419 3541 nobili
1434 3469 1510 3543 viro
1524 3469 1670 3543 Iohanni
1690 3470 1735 3543 de
1753 3472 1835 3542 Bel-

429 3591 500 3664 lino
516 3592 674 3686 spiritum
691 3591 823 3663 consilii
844 3592 1005 3664 sanioris.
1026 3591 1082 3664 Ad
1104 3612 1205 3665 aures
1227 3602 1360 3665 nostras
1378 3592 1516 3665 noveris
1529 3594 1726 3688 pervenisse
1741 3592 1836 3688 quod

430 3724 467 3784 tu
488 3713 609 3807 iniqua
637 3713 859 3808 suggestione
887 3712 1069 3803 seductus,
1090 3712 1305 3786 carissimum
1327 3714 1363 3785 in
1395 3712 1526 3787 Christo
1549 3712 1658 3787 filium
1683 3725 1837 3788 nostrum

428 3836 640 3910 Fridericnm
655 3838 835 3927 illustrem,
851 3838 1081 3910 Romanorum
1097 3837 1334 3932 imperatorem
1357 3859 1491 3933 semper
1511 3849 1714 3932 augustum,
1735 3838 1838 3912 Jeru-

428 3960 543 4033 salem·
559 3968 594 4033 et
619 3960 735 4033 Sicilie
757 3982 888 4055 regem,
907 3960 1110 4053 gravissime
1134 3960 1329 4051 offendisti,
1350 3960 1544 4033 celsitudini
1569 3962 1738 4058 imperiali
1767 3984 1836 4036 non

429 4084 586 4158 deterens
601 4107 665 4158 nec
681 4106 871 4182 precavens
887 4084 950 4157 tibi
968 4068 1035 4181 ipsi
1053 4094 1092 4157 ut
1109 4086 1307 4179 hujusmodi
1325 4086 1534 4158 difficultatis
1549 4088 1731 4159 articulum
1756 4088 1837 4161 evi-

428 4218 547 4281 tasses.
566 4208 655 4295 Quia
672 4230 756 4283 vero
775 4230 929 4304 congrua
957 4219 1011 4281 est
1030 4208 1229 4283 adhibenda
1246 4211 1381 4283 vulneri
1406 4210 1597 4301 medicina,
1624 4212 1834 4284 nobilitatem

427 4343 523 4406 tuam
544 4354 724 4407 monemus
747 4342 782 4405 et
805 4332 983 4406 hortamur
1006 4342 1133 4405 attente
1154 4343 1189 4405 et
1213 4334 1277 4405 tibi
1299 4334 1512 4406 consulimus
1537 4335 1628 4407 bona
1658 4333 1728 4408 fide
1747 4356 1835 4429 qua·

427 4456 522 4559 tinus
537 4478 617 4529 num
636 4458 921 4532 consultiusesss
943 4466 1103 4532 noscatur
1124 4466 1164 4527 ut
1176 4457 1243 4529 sibi
1266 4478 1328 4553 per
1343 4478 1381 4529 sa
1396 4458 1527 4553 absque
1547 4458 1732 4531 coactionis
1753 4460 1834 4533 uio-

430 4580 534 4653 lentia
554 4580 714 4674 satisfiat,
735 4603 798 4677 per
823 4580 966 4655 idoneos
992 4581 1131 4653 nuntios
1155 4603 1243 4676 quos
1265 4583 1297 4654 ei
1316 4582 1543 4656 transmittere
1560 4604 1629 4655 non
1650 4594 1835 4679 postponas

429 4705 693 4778 satisfactionem
718 4706 832 4779 eidem
858 4706 1034 4779 ultroneus
1056 4705 1178 4778 offeras
1199 4704 1245 4779 de
1271 4704 1430 4801 dampnis
1451 4716 1485 4779 et
1506 4706 1640 4799 injuriis
1660 4708 1831 4801 irrogatis.

427 4830 498 4902 Nos
514 4826 607 4903 enim
625 4830 671 4904 de
688 4830 871 4905 securitate
889 4841 950 4903 tna
967 4839 1003 4903 et
1016 4840 1153 4905 tuorum
1177 4841 1212 4903 et
1230 4840 1264 4903 te
1285 4832 1497 4905 restituendo
1518 4832 1713 4928 ingratiam
1737 4856 1834 4908 snam
