4859 6359
437 733 535 791 lunser.
554 726 614 809 lo}
886 731 1082 795 tltsroltla
1108 730 1400 795 eremmanos.
1785 733 1846 797 ela

437 863 547 936 tiones
561 863 673 955 justas
688 861 737 957 (a)
752 864 914 937 eoelesias
930 866 1044 942 dicitis
1065 864 1262 938 bominibus
1283 867 1428 962 propriis
1446 868 1621 963 spoliatas,
1644 868 1726 962 qnia
1742 868 1842 941 nobis

437 985 540 1058 ineis
558 985 603 1057 de
621 985 818 1058 officialium
839 998 1030 1062 nostrorum
1047 988 1175 1080 injusto
1189 1009 1351 1083 processu
1378 1010 1447 1061 non
1470 990 1597 1085 liquet,
1619 990 1839 1064 ecelesiarum

436 1110 584 1203 prelatos
620 1120 660 1181 nt
694 1110 740 1183 de
774 1132 956 1206 processus
990 1112 1173 1206 iniquitate
1208 1110 1437 1207 perdoceant,
1465 1112 1512 1185 ad
1534 1114 1649 1185 omnia
1671 1116 1750 1207 jura
1776 1136 1840 1187 sua

435 1232 599 1304 volumus
612 1241 647 1305 et
661 1232 868 1305 mandamns
879 1234 1032 1327 admitti;
1050 1244 1086 1308 et
1100 1256 1179 1306 eum
1193 1233 1329 1307 dudum
1346 1235 1382 1306 iu
1397 1257 1532 1309 recessu
1546 1244 1661 1309 nostro
1673 1236 1718 1309 de
1733 1258 1840 1331 regno

440 1364 477 1425 ut
492 1364 562 1427 tam
579 1354 615 1425 in
635 1354 691 1427 his
712 1378 817 1449 quam
838 1358 875 1429 in
894 1358 971 1431 aliis
988 1360 1024 1429 in
1046 1358 1174 1453 quibus
1195 1358 1416 1431 ecclesiarum
1432 1360 1571 1453 prelati,
1595 1360 1776 1455 Templarii
1805 1371 1840 1432 et

437 1479 651 1573 Hospitalarii
673 1482 775 1553 etiam
793 1502 831 1554 se
845 1492 1007 1576 gravatos
1025 1482 1211 1573 habebant,
1228 1481 1384 1554 satisfieri
1401 1493 1515 1577 posset
1530 1482 1674 1572 eisdem,
1692 1483 1838 1557 familia-

436 1604 533 1676 ribus
555 1606 678 1679 nostris
696 1607 901 1698 jusserimus
922 1607 1018 1703 apud
1041 1608 1184 1680 Fanum·
1197 1618 1237 1677 ut
1259 1608 1447 1679 solemnem
1473 1607 1603 1680 ruriam
1628 1606 1740 1680 Melfie
1756 1630 1839 1681 con·

436 1737 635 1823 gregarent,
660 1731 744 1824 quia
768 1730 965 1804 intentionis
989 1741 1105 1803 nostre
1126 1732 1265 1804 salubre
1288 1732 1500 1827 propositum
1526 1752 1588 1825 per
1613 1731 1772 1803 subtilem
1792 1730 1839 1827 (b)

434 1853 665 1945 quorumdam
693 1856 852 1927 astutiam
876 1856 1021 1949 quinos
1043 1866 1161 1951 postea
1186 1854 1368 1926 mandasse
1395 1855 1601 1927 contrarium
1624 1856 1835 1947 asserebant,

434 1977 546 2049 extitit
574 1976 799 2073 impeditum,
837 1999 918 2052 occe
942 1978 1038 2072 quod
1061 1979 1164 2071 juxta
1194 1976 1395 2051 mandatum
1426 1978 1631 2051 venerabilis
1762 2000 1838 2051 ma·

433 2100 531 2193 gistri
547 2099 672 2174 domus
689 2103 813 2175 Sancte
828 2102 935 2175 Mario
950 2102 1238 2175 Tbeutonioorum
1257 2103 1384 2174 factum
1405 2153 1414 2173 .
1436 2156 1444 2173 .
1464 2156 1472 2172 .
1499 2102 1615 2173 comiti
1633 2101 1837 2174 Acerrerum

432 2235 467 2297 et
483 2220 645 2321 magistro
664 2228 851 2319 justitiario
868 2249 982 2301 eoram
1003 2228 1124 2319 vobis,
1148 2238 1219 2300 tam
1238 2227 1323 2323 ipsis
1344 2248 1449 2322 quam
1473 2227 1698 2299 siruriliaribus
1715 2228 1839 2301 nostris

432 2350 499 2422 sub
517 2372 607 2446 pena
631 2352 740 2445 gratie
763 2351 914 2425 districte
938 2352 1141 2425 mandamns
1158 2362 1330 2446 quatenus
1354 2351 1399 2424 de
1418 2352 1558 2446 prelatis
1574 2352 1717 2424 solemni
1744 2352 1839 2425 ouria

432 2474 548 2548 denno
579 2486 807 2570 uongregata,
835 2477 994 2571 querelas
1029 2477 1183 2571 ipsorum
1216 2486 1286 2548 tam
1315 2497 1418 2571 super
1442 2475 1642 2549 bominibus
1670 2477 1840 2549 revocatis

432 2621 538 2694 quam
553 2622 659 2694 super
678 2599 952 2695 possessionibus
968 2600 1044 2672 aliis
1061 2621 1194 2673 necnon
1221 2610 1256 2672 et
1274 2601 1355 2691 jure
1374 2601 1589 2695 proprietatis
1607 2622 1723 2673 rerum
1739 2602 1836 2673 Tem·

430 2724 616 2818 plariorum
638 2734 673 2797 et
693 2724 998 2818 Hospitalariorum
1019 2724 1173 2808 audiant,
1194 2732 1230 2796 et
1245 2724 1330 2819 ipsis
1347 2722 1540 2797 seeundum
1556 2725 1699 2797 formam
1721 2724 1837 2798 daem

431 2848 657 2921 communiter
673 2846 806 2921 eisdem
831 2846 960 2919 ibidem
982 2846 1086 2919 finem
1109 2847 1267 2921 debitum
1291 2856 1326 2920 et
1351 2848 1502 2921 velooem
1520 2846 1708 2942 imponant.
1727 2850 1838 2943 Super

430 2972 576 3067 singulis
600 2982 752 3067 preterea
774 2971 933 3066 capitulis
955 2971 1178 3067 supradietis,
1195 2972 1233 3043 in
1251 2970 1380 3066 quibus
1395 2980 1446 3043 est
1459 2973 1562 3065 justa
1577 2973 1838 3067 responsionum

430 3108 622 3171 nostrarum
655 3105 807 3169 tenorem
836 3116 899 3191 per
924 3095 1088 3168 officiales
1121 3104 1255 3169 nostros
1290 3095 1422 3191 aliquid
1459 3094 1676 3187 laciendum,
1710 3094 1838 3169 litteras

429 3221 559 3294 eisdem
583 3219 846 3293 transmittimus
869 3220 1037 3315 speciales
1063 3228 1102 3289 ut
1125 3217 1171 3291 de
1192 3218 1334 3314 speciali
1356 3217 1519 3291 mandato
1544 3218 1704 3291 culminis
1729 3220 1837 3293 nostri

428 3344 564 3436 singula
587 3344 770 3437 diligenter
788 3350 824 3414 et
839 3343 940 3436 plene
960 3341 1123 3414 studeant
1142 3343 1385 3437 peroomplere.
1412 3342 1475 3413 Per
1489 3362 1560 3435 que
1579 3342 1711 3433 omnia,
1732 3364 1834 3415 reve·

428 3467 631 3540 rendissime
654 3477 764 3561 pater,
790 3466 882 3539 oiroa
903 3464 1123 3537 ecclesiarum
1148 3463 1323 3537 libertates
1349 3473 1384 3537 et
1402 3464 1482 3557 jura
1504 3464 1593 3535 votis
1625 3463 1748 3537 vestris
1772 3484 1834 3559 per

428 3612 491 3665 nos
514 3613 562 3665 ex
581 3612 708 3685 magua
731 3601 842 3685 parte,
869 3601 973 3686 prout
994 3588 1134 3663 firmiter
1154 3590 1347 3681 credimus,
1366 3586 1520 3661 satisfiet.
1541 3586 1653 3660 Autsi
1670 3609 1774 3683 quem
1796 3588 1833 3661 in

428 3717 480 3788 eis
497 3716 588 3789 oiroa
611 3715 836 3811 possessionis
855 3715 1101 3789 restitutionem
1123 3714 1310 3809 paternitas
1326 3722 1440 3785 vestra
1457 3712 1655 3785 causabitur
1670 3714 1756 3785 forle
1771 3712 1832 3787 de·

428 3841 572 3930 lectum,
595 3840 757 3935 exempla
772 3838 873 3910 nobis
888 3838 995 3910 vestri
1015 3838 1204 3933 magisterii
1220 3838 1462 3931 suffragantur,
1482 3844 1516 3909 et
1532 3836 1673 3931 petitam
1694 3859 1716 3911 a
1732 3838 1832 3913 nobis

426 3962 678 4055 possessiouem
692 3961 842 4033 civitatis
861 3959 1003 4033 castelle
1016 3970 1132 4034 eontra
1151 3982 1334 4033 commune
1352 3968 1542 4033 vestrorum
1556 3960 1699 4032 fratrum
1717 3962 1830 4035 consi·

425 4087 510 4158 lium
523 4096 558 4159 et
575 4086 818 4159 eonscientiam
836 4094 986 4157 vestram
1003 4086 1106 4158 etiam
1122 4085 1268 4159 reddere
1286 4084 1475 4179 denegatis,
1495 4086 1691 4179 possessorii
1706 4086 1830 4177 judicii

425 4210 579 4284 debitum
595 4211 632 4282 in
646 4230 792 4282 examen
806 4209 954 4305 petitorii
967 4211 1217 4283 transferentes.
1759 4266 1763 4271 .

471 4335 594 4407 Datum
607 4334 644 4405 in
660 4334 782 4407 eastris
798 4333 835 4405 in
852 4333 1031 4407 obsidione
1046 4336 1198 4426 Mantua,
1214 4333 1280 4405 XX
1295 4332 1513 4427 septembris,
1528 4333 1561 4405 X
1577 4332 1761 4407 indictione

464 4535 505 4616 (a)
526 4538 563 4599 ln
574 4538 641 4599 eod.
655 4540 748 4601 Paris.
764 4534 958 4618 iuqrriritiontr
966 4537 1109 4621 justitias.

466 4642 509 4725 (b)
529 4642 565 4704 In
578 4644 643 4706 eod.
658 4645 754 4706 Paris.
768 4642 931 4720 sublimari,
950 4647 1049 4707 minus
1060 4650 1139 4723 apte.

503 4953 556 5015 tv.
576 4966 668 5014 anns
