4859 6359
1185 884 1357 947 neuster
1382 884 1549 947 SEPlell
1887 882 1967 961 [Asu.
1987 880 2071 943 1282

474 1516 610 1628 ,fflm
711 1512 911 1618 Henricus,
932 1514 1192 1599 Romanorum
1210 1540 1293 1621 rex,
1308 1514 1530 1600 consulibus
1547 1525 1585 1598 et
1600 1512 1787 1597 uniuersis
1804 1511 2070 1596 civibusWor·

479 1625 505 1669 ¹⁷
520 1626 604 1669 Μ’·
658 1647 907 1730 metiensibus
924 1646 1098 1756 indulget
1115 1656 1158 1728 ut
1171 1645 1282 1756 juxta
1299 1646 1465 1730 formam
1483 1648 1767 1757 privilegiorum
1786 1646 1841 1730 eis
1858 1672 1882 1728 a
1898 1644 2066 1755 praede-

656 1778 870 1863 cessoribus
888 1779 968 1861 suis
984 1778 1247 1885 indultorum,
1263 1778 1372 1889 jura,
1391 1780 1584 1863 libertates
1606 1790 1644 1863 et
1659 1778 1864 1863 consilium
1879 1776 2064 1883 habeant,

657 1911 908 1995 salvatamen
925 1911 1098 1995 libertate
1115 1912 1293 1996 ecelesiae
1306 1914 1610 1999 Wormatiensis.

738 2150 873 2226 (ltdldsr.
887 2151 1027 2227 Moatra,
1049 2146 1314 2233 Abdcadtoapooo
1331 2152 1464 2229 Wormr,
1487 2170 1518 2231 p.
1536 2160 1606 2215 tot.
1619 2182 1657 2197 —
1668 2151 1915 2224 nmmum,
1935 2145 2060 2229 optem

776 2257 884 2318 Bacca
897 2256 946 2320 der
957 2256 1040 2321 luas.
1054 2254 1199 2337 Habeat,
1223 2260 1313 2334 t.11,
1332 2276 1365 2337 p.
1376 2268 1447 2323 aar.
1459 2258 1681 2339 -Lnnnwro,
1699 2254 1793 2339 Μὴ.
1807 2272 1966 2327 nanum„
1980 2254 2061 2331 all,

770 2380 802 2443 p.
819 2364 900 2443 182.)

702 2576 889 2665 Heminae,
916 2578 978 2650 Dei
1000 2578 1110 2673 grstia
1134 2578 1365 2651 Romanorum
1388 2598 1453 2649 rex
1473 2585 1509 2650 et
1529 2597 1665 2672 semper
1688 2582 1878 2678 angustus,
1902 2573 2063 2647 fidelibus

652 2699 742 2791 suis,
763 2701 965 2773 consulibus
988 2712 1022 2774 et
1040 2700 1211 2774 universis
1240 2700 1377 2774 civibus
1400 2701 1712 2775 Wormatiensibus
1734 2699 1878 2795 gratiam
1900 2720 2000 2772 snam
2026 2707 2061 2771 et

651 2824 919 2896 omnebonum.
946 2825 1006 2897 Pia
1031 2823 1329 2899 animadversione
1353 2824 1609 2900 considerantes
1631 2823 1785 2919 preclara
1806 2822 1973 2917 obsequia
1991 2843 2061 2915 qne

649 2946 779 3043 pluries
797 2948 958 3021 exhibuit
975 2948 1076 3021 nobis
1094 2948 1301 3021 universitas
1316 2957 1430 3022 vestra
1448 2959 1483 3022 et
1499 2948 1536 3021 in
1554 2956 1746 3045 posterum,
1771 2944 1877 3019 dante
1898 2945 2056 3032 Domino,

649 3071 775 3168 poterit
792 3070 970 3164 exhibere,
989 3074 1068 3165 jura
1084 3083 1119 3146 et
1138 3072 1312 3145 libertates
1328 3082 1460 3147 vestras
1479 3096 1501 3145 a
1520 3071 1613 3145 divis
1638 3070 1913 3167 progenitoribus
1935 3070 2060 3144 nostris

649 3194 749 3269 vobis
772 3196 925 3269 indultas
947 3198 1062 3270 illesas
1086 3199 1249 3269 volumus
1265 3218 1485 3289 conservare,
1503 3198 1620 3271 lovere
1638 3216 1701 3269 ros
1716 3196 1871 3267 volentes
1883 3203 1916 3267 et
1932 3214 2060 3265 mann·

652 3329 788 3409 tenere,
807 3331 909 3416 prout
932 3322 1028 3417 regie
1049 3323 1207 3415 congruit
1230 3323 1414 3395 honestati.
1439 3321 1628 3415 Sanequia
1643 3315 1883 3393 screnissimus
1897 3319 2060 3392 dominns

649 3443 834 3539 imperator
853 3456 950 3539 pater
969 3454 1084 3520 noster
1100 3457 1214 3522 nostre
1232 3447 1356 3521 ditioni
1378 3446 1558 3542 deputavit
1578 3455 1702 3519 terram
1719 3443 1910 3517 Attamanis
1924 3443 2059 3537 plenius

649 3577 685 3641 et
700 3568 886 3661 commisit,
904 3570 1116 3667 intendimus
1141 3573 1176 3643 in
1195 3592 1236 3645 ea
1254 3572 1438 3667 disponere
1455 3580 1491 3645 et
1505 3570 1666 3643 ordinare
1684 3568 1779 3664 qnod
1795 3566 1896 3640 nobis
1916 3576 1951 3639 et
1968 3564 2060 3639 fide-

647 3692 740 3767 libus
765 3694 891 3767 nostris
915 3694 1054 3769 videtur
1075 3695 1266 3792 expediens
1287 3705 1323 3769 et
1346 3697 1561 3782 consultum
1589 3700 1776 3766 statuentes
1802 3699 1838 3763 et
1859 3688 2059 3762 anctoritate

647 3815 744 3909 regia
762 3816 861 3888 vobis
878 3816 1099 3911 indulgentes
1117 3828 1156 3891 ut
1169 3820 1273 3911 juxta
1290 3820 1433 3892 formam
1451 3816 1709 3913 privilegiorum
1730 3812 1832 3887 vobis
1847 3834 1868 3885 a
1881 3811 1974 3884 divis
1992 3810 2057 3881 im·

647 3940 862 4038 portatoribus
885 3949 920 4014 et
942 3942 1082 4037 regibus
1099 3942 1331 4035 indultorum,
1354 3944 1452 4016 salva
1475 3952 1588 4015 umen
1612 3940 1768 4012 libertate
1790 3936 1935 4011 ecclesie
1952 3937 2058 4008 Wor-

648 4064 837 4156 mellensis,
850 4064 929 4155 jura
945 4074 979 4138 et
992 4065 1164 4139 libertates
1177 4076 1310 4139 vestras
1324 4075 1360 4140 et
1372 4065 1553 4139 consilinm
1567 4062 1723 4137 habeatis
1736 4060 1802 4158 (l),
1819 4070 1854 4132 et
1866 4059 2057 4133 secundum

650 4197 800 4263 vestram
817 4190 1102 4263 consuetudinem
1117 4191 1356 4286 approbatam,
1374 4193 1471 4265 velut
1487 4190 1674 4279 melenus,
1698 4185 1847 4259 ciuitatis
1864 4192 1977 4257 vestre
1992 4182 2060 4255 ho-

646 4314 721 4387 nori
737 4323 772 4386 et
787 4314 970 4387 commodo
985 4313 1131 4387 fideliter
1144 4314 1355 4388 intendatur.

696 4437 820 4509 Datum
838 4436 935 4534 apud
952 4436 1161 4531 Augustam,
1181 4439 1258 4513 XVI
1274 4438 1438 4512 kalendas
1454 4438 1589 4534 aprilis,
1610 4433 1798 4509 indictione
1815 4432 1949 4527 quinta.

684 4791 719 4870 (t)
735 4794 813 4864 Quod
833 4796 940 4869 penitus
955 4802 1089 4855 assatum
1104 4803 1159 4869 est,
1178 4798 1419 4857 intervenientibus
1433 4797 1580 4873 privilegiis
1592 4794 1707 4854 llenrico
1718 4788 1912 4852 wormatiensi
1931 4786 2057 4863 episcopo

649 4892 731 4968 paulo
743 4899 807 4969 post
818 4894 846 4951 in
856 4896 931 4952 ouria
944 4894 1066 4953 Udnensi
1078 4895 1197 4953 indultis.
1213 4895 1255 4955 cl.
1268 4911 1364 4970 supra,
1374 4912 1403 4970 p.
1414 4898 1466 4953 335
1478 4899 1507 4952 st
1518 4909 1595 4967 seqq.
