4859 6359
618 766 679 829 ess
1140 782 1528 850 suumn-sunnine·
1840 796 2029 877 [nmrsss.

667 903 792 979 Actum
807 930 899 985 annu
912 914 1049 989 Domini
1061 918 1108 991 Μ.
1123 918 1184 991 CC.
1203 920 1363 1013 XXXIII,
1385 924 1574 1001 indictione
1583 925 1642 1005 vl.

666 1031 789 1104 Datum
806 1034 1006 1133 Ratispnue,
1027 1041 1072 1115 lv
1090 1064 1200 1119 nones
1214 1045 1448 1143 septembris(
1472 1048 1500 1145 ).

888 1332 939 1340 ...-
943 1333 1155 1343 --ω-..σ--ι-ωψ
1160 1338 1169 1343 -
1174 1336 1374 1347 -ι--ιοοιιοι--ι
1379 1338 1389 1347 ο
1393 1338 1728 1355 -η--οσ-*οιοιι
1732 1341 1769 1349 ι...
1773 1342 1810 1351 -ι

508 1665 573 1719 Μ,
665 1601 870 1707 Henricus‚
892 1602 1266 1708 Romanorumrex,
1288 1605 1338 1687 ed
1360 1604 1584 1727 insteniiem
1602 1605 1756 1699 Henrici
1784 1608 1943 1719 majoris
1959 1609 2029 1695 filii

613 1736 722 1818 ducis
744 1735 1030 1845 Loriumingiae‚
1048 1735 1225 1820 homines
1247 1738 1296 1820 de
1312 1762 1413 1834 noun
1433 1738 1584 1829 uiritste
1604 1741 1708 1855 apud
1725 1740 1869 1827 Silrem
1894 1740 2029 1853 (Bois-

613 1868 784 1978 le-Duc)
804 1896 827 1951 e
844 1868 1030 1951 theloneis
1047 1895 1147 1979 quse
1164 1870 1205 1952 in
1223 1870 1356 1955 Rheno
1374 1873 1425 1955 ud
1441 1898 1581 1956 munus
1603 1873 1720 1959 hebet
1740 1874 1781 1955 iu
1803 1884 2028 1984 perpetuum

615 2000 795 2109 absolvit,
814 2000 869 2083 itu
886 2012 1015 2084 tumen
1035 2002 1139 2111 quud
1161 2003 1235 2113 ipsi
1253 2030 1324 2087 nec
1345 2030 1407 2087 res
1430 2001 1595 2090 eliorum
1617 2004 1790 2093 defernnt
1811 2033 1883 2091 nec
1903 2008 1955 2091 de'
1974 2009 2029 2093 eis

613 2135 872 2246 negocientur.

693 2348 811 2429 (nunt
824 2351 992 2425 uuum,
1014 2346 1081 2411 coa.
1098 2348 1216 2431 aspum.
1236 2349 1279 2412 ar
1293 2351 1397 2415 eumn.
1418 2354 1531 2416 rom.
1550 2371 1591 2443 nn
1607 2326 1714 2417 mm
1730 2352 1882 2435 anper„
1905 2360 1977 2418 ton
1995 2356 2027 2434 1,

731 2473 764 2535 p.
781 2464 838 2517 636
856 2454 1030 2537 (Bruxelles,
1047 2454 1150 2539 1889),
1163 2475 1201 2519 ex
1214 2457 1374 2521 chmtuler.
1390 2458 1492 2522 duent.
1506 2460 1596 2524 Brnb.
1611 2461 1661 2535 B„
1675 2460 1728 2524 fol.
1745 2458 1884 2541 eroco.)

662 2642 847 2735 Henricus,
875 2644 939 2715 Dei
965 2644 1077 2738 gretie
1092 2665 1157 2717 rex
1174 2644 1407 2719 Romanorum
1422 2656 1459 2717 et
1477 2662 1613 2743 semper
1630 2655 1822 2741 augustus,
1849 2645 2025 2720 universis

614 2790 757 2863 presens
773 2769 937 2865 scriptum
953 2769 1082 2841 visuris
1096 2771 1256 2843 salutem.
1268 2771 1435 2844 Norerint
1444 2772 1600 2849 universi
1608 2770 1706 2867 quod
1714 2792 1778 2845 nos
1788 2770 1836 2847 nd
1844 2772 2027 2845 instantem

613 2894 879 2989 postulationem
904 2892 1083 2989 predilecti
1105 2894 1218 2967 affinis
1242 2896 1349 2968 nostri
1371 2896 1527 2991 Henrici,
1556 2896 1696 2989 maioris
1710 2894 1773 2968 filii
1790 2896 1935 2969 illustris
1961 2894 2028 2969 riri

614 3014 726 3089 fidelis
742 3017 849 3089 nostri
867 3016 1004 3089 Henrici
1023 3016 1123 3090 ducis
1138 3017 1373 3113 Locharingie
1396 3018 1578 3093 uniuersos
1595 3018 1753 3093 homines
1769 3040 1852 3093 suos
1874 3018 1920 3092 de
1936 3038 2028 3093 nore

616 3140 755 3214 civitate
770 3140 866 3237 apud
884 3141 1013 3214 Silvam
1032 3138 1083 3237 (2)
1102 3141 1164 3237 qui
1181 3165 1277 3215 nnnc
1298 3143 1349 3216 ibi
1370 3153 1452 3217 sunt
1473 3153 1510 3221 st
1525 3144 1562 3217 in
1587 3152 1762 3240 posterum
1778 3144 1860 3215 iiiuc
1878 3140 1926 3216 ad
1946 3164 2028 3216 mu-

615 3264 769 3337 nendum
786 3265 1025 3355 convenerint,
1052 3266 1208 3362 exceptis
1229 3268 1356 3340 uostris
1374 3267 1573 3341 hominihus
1592 3268 1654 3363 qui
1678 3266 1809 3341 ibidem
1831 3266 1940 3363 recipi
1958 3286 2028 3339 uon

618 3388 756 3480 debent,
778 3412 798 3461 e
817 3388 978 3461 theloniis
992 3388 1118 3463 nostris
1135 3410 1205 3484 qne
1224 3411 1288 3461 nos
1305 3391 1518 3487 ubicumque
1531 3386 1567 3463 iu
1584 3383 1681 3464 Reno¹
1690 3373 1743 3464 ‘nd
1757 3412 1881 3463 manus
1897 3398 2028 3465 nostrus

617 3512 801 3602 hebemus,
818 3512 925 3607 regali
941 3512 1151 3606 benignitate
1166 3512 1200 3583 in
1218 3524 1423 3611 perpetuum
1438 3514 1671 3608 absolvimus3
1692 3513 1740 3587 ita
1756 3514 1920 3616 uidelicet
1932 3512 2029 3609 quod

618 3634 664 3707 de
681 3636 869 3731 rebusque
886 3654 950 3708 sue
967 3644 1048 3707 sunt
1064 3636 1196 3707 nullum
1215 3637 1316 3724 nobis
1333 3638 1390 3711 rel
1408 3638 1601 3711 necessario
1614 3637 1690 3735 (sic)
1704 3646 1821 3711 nostro
1830 3639 2028 3734 persolvant

616 3758 812 3832 theloneum
831 3761 995 3854 nullaque
1007 3761 1043 3859 in
1062 3781 1121 3833 eus
1142 3760 1199 3834 vel
1222 3782 1278 3835 res
1304 3762 1456 3858 ipsorum
1471 3761 1532 3855 fini
1548 3762 1700 3857 exactio,
1722 3764 1860 3859 ipsique
1880 3763 2027 3836 aliorum

614 3905 670 3956 res
688 3904 753 3956 nec
769 3882 923 3956 defernnt
939 3904 1004 3957 uec
1021 3880 1065 3957 de
1081 3884 1132 3957 eis
1147 3885 1382 3980 negooiemur.
1399 3874 1587 3960 Statuimu‘s
1604 3888 1713 3983 igitur
1726 3894 1761 3987 et
1778 3888 1888 3981 regali
1905 3877 2032 3961 aucto-³

615 4008 716 4080 ritune
731 4009 912 4080 sanximus
934 4010 1090 4082 utnulla
1115 4012 1256 4084 omnino
1271 4009 1576 4107 persona'hnmilis
1599 4012 1657 4085 rel
1680 4012 1766 4101 alte,
1785 4012 1948 4087 secularis
1970 4010 2032 4086 rel*

613 4132 862 4224 ecclesiastica,
882 4118 1228 4229 prediums'homines
1240 4136 1287 4210 de
1300 4158 1391 4210 noun
1405 4137 1544 4212 civitate
1558 4136 1654 4234 apud
1671 4140 1800 4211 Silvnm
1818 4112 1883 4233 qui
1898 4136 1947 4209 ibi
1964 4157 2034 4233 pro·

612 4267 770 4353 tempore
796 4256 936 4349 fuerint,
955 4266 1067 4354 preter
1084 4267 1218 4333 nostros
1230 4258 1388 4337 homines
1401 4282 1490 4357 quos
1506 4262 1701 4359 recepimus
1713 4261 1783 4362 (a),
1802 4261 2027 4365 contrahens

658 4431 699 4512 (a)
722 4432 925 4495 verisimiliter
937 4432 1093 4513 legendum
1105 4433 1282 4513 excepimus,
1296 4440 1331 4496 ut
1343 4451 1441 4515 supra
1558 4480 1561 4487 .

651 4720 687 4793 (4)
707 4721 916 4781 munumentum
932 4727 1022 4781 sutem
1039 4722 1222 4782 conventionis
1240 4724 1330 4799 hujus,
1338 4723 1431 4783 datum
1446 4724 1579 4783 mecum
1594 4720 1701 4783 nor-ot
1719 4722 1782 4784 cnm
1799 4720 1872 4783 nutis
1885 4722 2025 4781 chrunus

615 4816 680 4892 gicis
691 4817 802 4889 eisdem,
814 4824 887 4899 enini
897 4818 925 4875 iu
937 4820 1031 4877 eodem
1043 4821 1134 4879 codice
1143 4822 1261 4880 etesium
1267 4828 1433 4884 memorent
1443 4824 1590 4897 apim,
1609 4824 1711 4897 Rapui.
1722 4822 2006 4895 Boic.,t.11‚p.2³0.

648 4913 683 4986 (Ξ)
702 4912 775 4971 Haec
786 4920 828 4971 est
838 4914 933 4973 civius
942 4914 1022 4975 hodie
1030 4918 1165 4976 nominata
1174 4918 1355 4993 Ruricio-Duc,
1368 4935 1455 4995 perseo
1467 4919 1688 4980 merentium.
1699 4961 1703 4967 -
