4859 6359
581 748 644 814 τω
1085 742 1297 816 rnruunvcr
1320 744 1495 809 succum
1800 743 1881 832 [aa
1898 747 1986 812 ruas.

633 883 804 980 Scriptum
834 891 886 956 est
909 880 945 954 in
966 877 1128 954 eumdem
1155 877 1300 954 modum
1327 878 1384 978 (η’
1406 879 1499 977 238)
1522 901 1603 952 cum
1627 879 1719 954 notis
1742 879 1991 978 chronologicis

583 1007 716 1084 eisdem
743 1004 931 1079 rectoribus
962 1001 1132 1076 societatis
1167 1003 1414 1096 Lomburdiae‚
1441 1025 1462 1076 a
1497 1001 1613 1076 verbis
1629 1003 1723 1076 Licet
1746 1004 1937 1077 carduum
1954 1005 1989 1076 iu

585 1132 717 1206 Glristo
735 1126 909 1224 usquead
928 1127 1102 1221 contigerit
1121 1126 1306 1219 imminere,
1324 1124 1441 1199 verbis
1458 1134 1691 1224 competenter
1708 1127 1860 1202 mutuus.

1567 1444 1768 1458 nnn--cafl

636 1725 840 1808 Taxatores
864 1711 1024 1808 civitatis
1051 1722 1185 1834 Trojae
1204 1749 1228 1805 u
1249 1723 1356 1806 curia
1377 1723 1571 1807 constituti
1598 1724 1649 1806 ad
1675 1724 1890 1836 colligenda
1917 1726 1989 1810 tria

582 1857 704 1940 millia
721 1865 759 1941 et
780 1855 1079 1968 quadringentas
1107 1847 1240 1939 uncias
1267 1855 1351 1937 auri
1373 1882 1445 1966 pro
1470 1855 1728 1969 redemptione
1754 1857 1988 1967 captivorum

581 1991 621 2073 in
645 1989 794 2074 obsidio
814 1987 931 2099 hujus
958 1987 1084 2096 urbis,
1104 1987 1234 2099 vigore
1260 1987 1432 2070 mandati
1449 1985 1621 2072 Riccardi
1647 1990 1696 2072 de
1716 1989 1989 2076 Moutelusoolo

582 2122 788 2234 imperialis
819 2119 1043 2234 justiciarii,
1081 2119 1154 2204 suh
1189 2119 1302 2202 hasta
1334 2119 1506 2204 vendunt
1539 2145 1611 2230 pro
1643 2119 1767 2204 tribus
1794 2121 1918 2205 unciis
1951 2135 1990 2205 et
2029 2208 2034 2215 ,

581 2255 740 2341 dimidia
761 2264 909 2364 partem
930 2262 1051 2336 terrae
1068 2251 1251 2337 iohannis
1273 2249 1405 2336 Taluri
1431 2251 1523 2336 civis
1540 2252 1715 2364 Trojani,
1738 2254 1806 2364 qui
1829 2255 1880 2338 ad
1905 2281 1988 2337 un-

576 2389 703 2474 decim
721 2387 854 2474 uncias
870 2387 1069 2498 impositus
1086 2385 1199 2470 exivit
1215 2386 1266 2470 de
1282 2384 1398 2495 Troja
1413 2412 1484 2470 uec
1501 2386 1626 2471 solvit.

663 2599 788 2678 (Inedlt.
803 2601 835 2661 ln
861 2599 983 2660 archivo
1007 2605 1135 2660 monast.
1160 2598 1272 2660 Montis
1294 2599 1441 2678 Virginis,
1464 2597 1828 2678 vot.cxx1v,pcrgam.
1854 2605 1927 2679 tto,
1948 2615 1988 2661 cx

700 2705 835 2786 originali
852 2705 977 2768 dlvcrsts
994 2705 1067 2768 locls
1086 2703 1279 2784 oblitterato.)

630 2895 668 2965 ln
683 2892 822 2968 nomine
835 2892 973 2966 Domini
989 2892 1093 2966 lhesu
1109 2893 1255 2982 Christi,
1280 2912 1373 2966 auno
1383 2891 1539 2986 ejusdem
1551 2892 1795 2966 incarnationis
1806 2893 1988 2966 millesimo

579 3016 815 3091 ducentesimo
829 3016 1000 3090 tricesimo
1016 3016 1154 3112 quinto,
1173 3015 1310 3111 imperii
1323 3036 1406 3090 varo
1419 3015 1552 3090 domiui
1569 3018 1676 3090 nostri
1688 3015 1859 3090 Frederici
1877 3017 1987 3090 invic-

577 3141 699 3216 tissimi
715 3143 943 3214 Romanorum
958 3141 1171 3236 imperatoris
1182 3155 1218 3216 et
1234 3161 1371 3237 semper
1382 3141 1520 3236 augusti
1534 3162 1626 3215 anuo
1636 3140 1911 3237 quintodecimo,
1931 3141 1986 3214 sui

576 3285 660 3338 vero
677 3265 775 3358 regni
792 3265 976 3340 Ierusalem
993 3285 1084 3338 anuo
1099 3265 1234 3340 decimo
1247 3274 1283 3338 et
1301 3264 1400 3360 regni
1417 3263 1532 3338 Sicilie
1547 3285 1641 3338 auno
1657 3265 1829 3338 tricesimo
1844 3274 1981 3356 octavo,

574 3400 681 3484 atque
693 3410 772 3460 cum
784 3409 826 3460 eo
839 3397 1004 3482 regnante
1021 3387 1163 3463 domino
1176 3397 1293 3462 uosbo
1307 3387 1455 3462 Henrico
1465 3387 1714 3482 gloriosissimo
1728 3408 1811 3481 rege
1823 3387 1894 3460 lilio
1907 3390 1984 3481 ejus

577 3533 671 3586 anno
685 3511 851 3586 vicesimo
863 3511 987 3603 tercio,
1006 3512 1128 3606 quinto
1139 3511 1270 3585 mensis
1289 3510 1456 3603 octobris,
1478 3519 1601 3585 octove
1623 3509 1822 3585 indictionis
1834 3509 1899 3608 (l).
1915 3513 1985 3586 Nos

577 3637 696 3710 Simon
716 3634 762 3709 de
785 3634 982 3724 Guernisio,
1001 3634 1158 3708 Matheus
1180 3635 1226 3708 de
1242 3634 1393 3708 Concilio
1411 3643 1447 3708 ct
1462 3634 1686 3724 Tholomeus,
1712 3635 1849 3708 Troiani
1867 3637 1980 3726 cives,

578 3762 726 3834 latemur
741 3759 836 3854 quod
851 3780 930 3832 cum
948 3757 1161 3832 universitati
1185 3759 1284 3832 Troia
1306 3757 1460 3832 sindicus
1481 3779 1563 3833 suos
1580 3759 1783 3832 constitutos
1795 3759 1842 3831 ub
1860 3759 1982 3834 eudem

580 3885 802 3958 universitate
818 3883 1074 3984 [requisituros]
1092 3881 1141 3982 (a)
1161 3883 1225 3958 tria
1243 3883 1341 3957 milia
1362 3883 1545 3956 unciarum
1567 3883 1644 3956 auri
1665 3892 1700 3956 et
1715 3883 1986 3979 quadringentas

579 4011 699 4084 uncias
714 4009 791 4084 auri
812 4030 874 4104 pro
893 4007 1130 4104 redemptione
1149 4008 1363 4104 captivorum
1385 4007 1424 4079 in
1440 4006 1617 4080 obsidium
1635 4007 1734 4101 Troie
1751 4006 1806 4104 (2)
1824 4005 1985 4081 dominus

619 4185 658 4266 (a)
678 4185 835 4248 Deesthoc
847 4184 971 4247 verbnm
984 4190 1036 4247 aut
1047 4183 1196 4262 quoddam
1216 4181 1414 4244 ultudstmtlts
1425 4197 1540 4243 senum.

615 4477 651 4550 (tl
668 4474 793 4532 Notarius
803 4471 841 4530 ibi
852 4471 936 4529 utitur
951 4469 1104 4540 indictione,
1123 4483 1176 4527 non
1186 4484 1312 4540 cesarem
1325 4468 1369 4528 vel
1382 4485 1490 4544 mera,
1502 4468 1552 4527 sed
1564 4467 1718 4544 pontificali.

614 4573 652 4647 (t)
670 4569 817 4630 Rebellioui
830 4573 858 4628 et
870 4567 1003 4628 obsidioni
1016 4567 1112 4641 Troiae
1127 4565 1221 4623 alludit
1230 4565 1376 4624 ltiocardus
1388 4565 1424 4624 de
1434 4565 1532 4624 Suucto
1544 4565 1687 4637 Germano,
1700 4579 1764 4621 cum
1773 4563 1809 4622 ud
1822 4579 1885 4621 aun
1902 4565 1982 4634 4233,

577 4687 671 4730 mansa
684 4669 815 4744 januario,
828 4667 945 4724 breviter
961 4665 1053 4724 dicat:
1071 4664 1192 4737 «Troiae
1211 4664 1317 4722 moenia
1333 4662 1485 4722 diruunbrr.
1497 4683 1511 4718 ι
1522 4663 1673 4724 sedilium
1689 4667 1780 4720 umen
1796 4677 1848 4736 per
1859 4662 1984 4736 Apuliam

578 4769 679 4828 diutius
693 4766 825 4825 ferbuisse
842 4763 1019 4839 suspicamur,
1033 4763 1098 4821 dnm
1111 4761 1232 4835 legamus
1250 4760 1350 4820 ibidem
1366 4779 1374 4818 :
1390 4783 1403 4813 ι
1419 4763 1490 4820 tuat
1501 4761 1658 4836 septembri,
1672 4760 1817 4834 imperator
1830 4759 1859 4814 iu
1870 4774 1984 4832 regnum

579 4863 687 4924 rediens
705 4861 806 4920 emulis
825 4859 957 4936 quaedem
972 4859 1084 4934 Apuliae
1103 4857 1259 4934 depopulari
1276 4857 1362 4933 jubet.
1382 4876 1397 4912 s
1419 4857 1479 4918 Vid.
1494 4858 1577 4917 mum
1599 4856 1665 4932 quid
1684 4871 1767 4932 supra
1787 4856 1981 4928 notaverimus,
