4859 6359
463 777 618 854 {aalma}
911 775 1106 838 HISTORIA
1131 772 1423 837 utrnottarlcs.
1811 765 1870 826 ¹137

509 911 696 1004 Gregorius
713 909 781 1005 (a),
806 920 890 1000 etc,
918 913 1082 1006 magistro
1107 922 1143 986 at
1162 911 1326 984 iratribus
1348 905 1526 1002 hospitalis
1541 904 1775 994 Hierusalem,
1797 911 1864 976 stc.

462 1033 614 1107 Eridens
631 1043 684 1106 est
695 1041 732 1106 et
747 1032 984 1126 ambiguitatis
999 1035 1155 1108 nubilum
1175 1055 1246 1106 non
1262 1031 1411 1106 admittit
1427 1027 1522 1123 quod
1546 1027 1592 1102 ad
1610 1027 1676 1100 hoc
1692 1023 1867 1120 potissime

461 1156 636 1251 religionis
659 1156 816 1229 habitum
842 1157 1076 1252 assumpsistis
1099 1168 1138 1230 nt
1160 1157 1196 1229 in
1216 1157 1319 1230 Terre
1337 1155 1460 1226 Sancto
1485 1151 1641 1248 partibus
1654 1147 1866 1244 ampliationi

463 1278 621 1352 racundo
639 1277 739 1368 fidei,
768 1279 879 1373 patric
899 1301 1049 1374 superne
1072 1280 1208 1352 civibus
1226 1277 1408 1373 aggregari
1426 1278 1440 1372 (
1460 1275 1486 1372 ).
1518 1329 1527 1346 .
1558 1329 1567 1346 .
1597 1329 1607 1348 .
1634 1275 1746 1367 Digne
1762 1273 1869 1366 igitur

463 1401 562 1475 vobis
579 1401 728 1476 suadere
744 1423 929 1497 possumus
947 1412 984 1474 ct
1002 1402 1170 1476 debemus
1189 1413 1231 1476 ut
1251 1423 1329 1475 cnm
1347 1400 1559 1498 propositum
1580 1408 1734 1472 vestrum
1756 1419 1804 1472 cx
1827 1419 1868 1470 oo

464 1527 628 1620 precipue
650 1526 844 1621 promoveri
861 1526 974 1599 valeat
990 1525 1085 1620 qnod
1110 1528 1209 1622 Syrie
1231 1527 1386 1622 partibus
1402 1523 1543 1619 aliquod
1568 1522 1785 1596 adversitatis
1803 1543 1867 1593 nu·

464 1648 572 1720 bilnm
591 1671 660 1722 non
683 1649 878 1736 incumbat,
899 1650 956 1720 illa
974 1650 1143 1745 promptis
1161 1651 1342 1724 affectibus
1368 1647 1535 1722 studeatis
1561 1646 1695 1720 efficere
1714 1667 1777 1741 per
1799 1665 1868 1738 qne

464 1775 571 1866 possit
583 1772 707 1847 eadem
719 1775 816 1868 pacis
837 1783 872 1847 at
885 1773 1011 1867 qnietis
1026 1773 1165 1868 gaudiis
1182 1775 1351 1848 exultare.
1368 1773 1542 1866 Rogamus
1558 1771 1675 1864 itaque
1693 1768 1868 1842 universi-

464 1904 566 1968 tatem
584 1904 733 1969 vestram
751 1905 786 1968 et
804 1896 982 1968 hortamur
997 1906 1142 1990 attente,
1159 1920 1222 1994 per
1239 1898 1424 1993 apostolica
1436 1895 1562 1991 scripta
1575 1894 1675 1967 vobis
1690 1893 1726 1964 in
1746 1893 1870 1964 virtute

465 2028 580 2091 sancte
595 2017 791 2091 obedientie
812 2018 1036 2114 precipiendo
1061 2021 1265 2094 mandantes
1288 2029 1458 2115 qnatsms
1482 2017 1626 2115 provida
1649 2017 1868 2092 meditatione

465 2147 646 2234 pensantes
660 2137 748 2232 quid
766 2139 966 2212 charissimo
982 2140 1019 2211 in
1042 2139 1174 2214 Christo
1196 2141 1267 2214 illio
1288 2151 1406 2213 nostru
1423 2137 1585 2212 Foderioo
1604 2136 1802 2233 imperatori
1822 2159 1869 2208 ex

465 2285 506 2338 ec
522 2263 650 2336 lavaris
665 2261 855 2336 debeamus
875 2273 911 2336 et
931 2265 1053 2360 premii
1068 2265 1164 2360 quod
1180 2266 1216 2337 in
1244 2265 1421 2360 obsequiis
1439 2264 1556 2337 matris
1583 2262 1749 2356 Ecclesia,
1780 2262 1869 2336 sicut

466 2410 561 2462 suam
579 2387 819 2460 excellentiam
833 2386 967 2478 decuit,
987 2402 1166 2484 promptus
1183 2398 1218 2462 et
1234 2388 1359 2462 efficax
1371 2387 1505 2462 studuit
1518 2387 1685 2476 inveniri,
1705 2387 1823 2480 bajulo
1835 2395 1870 2458 et

466 2510 575 2606 legato
589 2531 654 2584 sno
670 2511 707 2583 in
727 2511 890 2606 predictis
908 2512 1065 2606 partibus
1081 2514 1264 2587 constituto
1287 2535 1390 2587 omne
1413 2512 1509 2607 quod
1535 2511 1687 2608 poteritis
1707 2511 1744 2582 in
1761 2513 1869 2606 impe-

466 2635 600 2707 rialium
614 2635 874 2708 conservatione
884 2636 1017 2727 jurium
1044 2637 1223 2711 consilinm
1241 2649 1275 2712 et
1293 2637 1481 2726 auxilium,
1508 2637 1643 2708 sublato
1661 2635 1871 2708 difficultatis

467 2759 659 2850 obstaculo,
682 2758 870 2855 prebeatis3
892 2781 1010 2834 curam
1029 2771 1064 2835 at
1076 2762 1231 2836 studium
1258 2763 1407 2835 habituri
1430 2771 1490 2850 nt,
1509 2761 1539 2834 si
1562 2762 1649 2832 iorte
1673 2759 1797 2832 nobilis
1817 2761 1872 2832 vir

468 2883 613 2956 ioannes
626 2882 673 2956 ds
689 2883 821 2956 lbelino
839 2882 886 2979 (c)
901 2905 943 2956 ac
968 2885 1117 2980 populus
1131 2885 1340 2958 Acconensis
1355 2883 1510 2977 ejusdem
1526 2884 1805 2978 suggestionibus
1818 2884 1872 2956 in·

469 3007 610 3101 stigatns
624 3006 670 3081 ad
688 3007 917 3082 obsidendam
931 3008 1106 3081 civitatem
1116 2999 1264 3106 Tyri'vel
1279 3010 1429 3104 aliquam
1444 3017 1609 3082 terrarum
1621 3008 1667 3080 ad
1683 3007 1872 3080 dominium

469 3129 641 3226 imperiale
660 3131 887 3226 spectantium
905 3130 1094 3228 procedere
1108 3133 1325 3227 aliquatenus
1343 3141 1561 3221 attentarent,
1582 3131 1754 3204 efficacem
1772 3152 1872 3227 opem
1978 3197 1980 3204 .

470 3263 501 3326 et
510 3275 649 3349 operam
660 3255 839 3350 apponatis
853 3269 893 3327 ut
904 3256 971 3350 ipsi
981 3278 1003 3330 a
1015 3278 1081 3329 sno
1094 3267 1221 3330 conatu
1231 3265 1392 3331 corruant
1404 3265 1439 3328 et
1454 3256 1622 3330 adversus
1635 3256 1872 3350 imperatorem

471 3377 630 3451 eumdem
644 3401 683 3452 sc
701 3379 845 3452 ulterius
858 3380 990 3473 erigere
1004 3401 1074 3452 non
1096 3391 1307 3475 presumant.
1321 3381 1446 3474 Sisque
1466 3377 1526 3452 liat
1538 3379 1648 3474 qnod,
1665 3380 1771 3454 illisa
1792 3401 1873 3452 con·

470 3502 555 3596 cepti
564 3501 690 3574 erroris
704 3504 943 3598 prosecutione
959 3505 1173 3578 cessantibus
1185 3515 1220 3576 et
1236 3513 1351 3578 vestra
1368 3503 1514 3576 iaciente
1525 3503 1710 3598 prudentia
1722 3503 1819 3600 qnod
1835 3503 1870 3576 iu

468 3623 628 3718 predictis
650 3625 805 3719 partibus
821 3625 974 3698 vitentur
992 3627 1213 3700 dissentionis
1237 3637 1271 3700 et
1293 3627 1445 3700 scandali
1475 3627 1694 3714 detrimenta,
1722 3649 1786 3700 nos
1809 3627 1870 3722 qni

468 3745 653 3819 bonoribus
675 3747 826 3820 Ecclesia
850 3759 1050 3844 reputamus
1078 3749 1182 3843 adjici
1212 3749 1380 3846 quicquid
1407 3749 1598 3823 secundum
1622 3752 1732 3823 Deum
1762 3759 1872 3846 potest

468 3870 622 3943 utilitatis
639 3879 675 3943 et
689 3872 798 3966 glorie
808 3873 976 3969 imperiali
994 3875 1199 3948 excellentie
1208 3875 1399 3960 cumulari,
1419 3873 1572 3948 reddatis
1587 3875 1731 3948 vobisin
1747 3877 1871 3950 vestris

468 3995 730 4068 necessitatibus
745 3996 932 4088 obligatos,
948 4005 984 4070 et
1000 3997 1215 4093 imperatoris
1232 3999 1389 4091 ejusdem
1407 3999 1558 4095 potentia
1573 4000 1618 4072 sit
1630 3999 1729 4072 vobis
1745 4023 1869 4096 oppor-

468 4118 561 4190 tunis
575 4119 787 4213 temporibus
801 4119 973 4212 gratiosa;
999 4122 1118 4193 scituri
1132 4121 1228 4216 qnod
1244 4144 1324 4196 cnm
1345 4123 1540 4218 sepedictus
1562 4123 1744 4218 imperator
1767 4125 1812 4196 sit
1834 4124 1870 4196 in

467 4251 597 4314 remoto
614 4243 764 4337 positus,
788 4264 896 4336 quare
911 4243 1012 4315 nobis
1029 4243 1073 4316 de
1085 4266 1227 4318 suornm
1242 4246 1500 4319 conservatione
1516 4246 1645 4339 jurium
1659 4268 1740 4319 cura
1759 4247 1871 4320 immi·

468 4375 525 4436 net
537 4365 712 4461 specialis,
732 4365 762 4438 si
779 4387 858 4438 enm
875 4365 926 4462 (d)
940 4366 976 4438 in
992 4368 1166 4462 premissis
1178 4371 1235 4444 vel
1246 4370 1356 4444 allisa
1373 4389 1593 4464 quocumque
1605 4369 1733 4442 offendi
1744 4371 1873 4442 contin·

509 4566 551 4645 (ο)
572 4568 627 4645 Δρ.
642 4568 728 4630 Panlt
736 4585 819 4647 papa
831 4585 935 4644 marc,
947 4568 1034 4631 male

505 4671 542 4748 (b)
559 4673 650 4735 Deest
661 4674 786 4736 verbnm
799 4676 968 4737 mambri
981 4677 1029 4736 rel
1042 4676 1222 4755 hujusmodl.

361 4855 365 4866 Ι
508 4777 545 4855 (r)
567 4779 626 4854 Δρ.
641 4777 728 4839 Pauli
744 4777 780 4840 dc
794 4777 937 4856 θίῠιὶἑπο,
951 4781 1039 4842 mals.

508 4879 552 4960 (d)
572 4881 631 4959 Δρ.
645 4882 731 4944 Pauli
742 4887 835 4962 emur,
848 4886 937 4950 mala

546 4988 601 5052 lv.
621 5003 711 5048 rma
