4859 6359
323 750 423 811 lenter.
438 750 485 827 5.]
774 748 973 811 fltsrottta
996 746 1291 809 ntrtoltttl'lca
1462 782 1470 796 ·
1674 748 1736 810 575

323 884 562 959 muneratione
578 882 675 955 venit
690 892 729 955 ut
746 904 826 955 oum
845 884 1006 957 felicitate
1023 904 1226 977 regnemus,
1255 881 1372 975 aliqua
1385 901 1523 975 semper
1533 881 1655 955 offerre
1672 906 1737 957 ro·

323 1006 520 1097 lentaeque
544 1002 616 1075 Deo
639 1010 736 1097 grata
760 1001 951 1093 resideant,
979 1002 1148 1097 religiosis
1167 1001 1322 1097 personis
1343 1022 1385 1074 eo
1404 1000 1568 1073 libentius
1583 1002 1736 1077 levorem

324 1128 486 1200 volumus
497 1126 593 1220 regie
608 1125 828 1221 benignitatis
842 1124 1042 1222 impendere
1061 1146 1131 1221 qno
1144 1124 1256 1219 magis
1268 1124 1530 1199 couversatione
1543 1125 1736 1219 gratissima

322 1252 510 1323 Dominum
530 1256 716 1323 creatorem
739 1249 895 1322 omnium
914 1258 1145 1341 venerantur,
1169 1270 1271 1343 reges
1297 1248 1343 1322 ad
1362 1247 1531 1322 beneficia
1549 1258 1738 1344 provocant

324 1385 359 1447 et
375 1372 421 1449 ad
440 1376 515 1467 ejus
536 1372 743 1467 obsequium
769 1374 953 1446 nonnullos
981 1373 1136 1446 alliciunt
1154 1382 1188 1445 et
1205 1372 1367 1446 invitant.
1392 1372 1549 1467 Cumque
1567 1372 1614 1445 ob
1628 1394 1737 1447 reve-

323 1498 469 1571 rentiam
483 1496 586 1593 Regis
603 1518 724 1591 regum
738 1498 814 1569 loca
823 1496 983 1592 religiosa
1001 1496 1277 1570 consideratione
1291 1497 1350 1592 pia
1361 1496 1532 1591 respicere
1544 1506 1734 1589 teneamur,

324 1621 487 1695 omnibns
504 1620 639 1716 imperii
657 1618 818 1694 fidelibus
838 1628 907 1693 tarn
926 1622 1144 1717 presentibus
1160 1642 1265 1715 qnam
1287 1620 1411 1691 tutoris
1431 1618 1599 1692 duximus
1620 1620 1736 1695 deela-

324 1744 473 1817 randum
488 1742 583 1838 quod
600 1764 664 1816 nos
683 1742 897 1817 attendentes
914 1744 1077 1840 precipue
1093 1744 1263 1817 fervorem
1280 1742 1456 1837 religionis
1475 1765 1544 1837 que
1562 1744 1599 1815 in
1618 1752 1736 1817 sancto

322 1868 544 1953 monasterio,
558 1866 655 1963 qnod
669 1868 770 1941 Porta
787 1866 858 1941 Celi
877 1866 1004 1941 dicitur
1021 1876 1055 1941 et
1071 1878 1172 1941 antea
1186 1864 1440 1940 Theunenbaoh
1453 1867 1659 1957 vocabatur,
1676 1890 1737 1963 per

326 1993 485 2067 ellectum
502 1993 616 2089 operis
631 1968 778 2065 Domino
796 1992 993 2084 exhibetur,
1015 2002 1054 2065 nt
1069 2002 1185 2066 nostre
1198 1992 1421 2087 benignitatis
1437 1992 1590 2064 favorem
1606 2013 1738 2086 agnos-

325 2128 397 2209 cet,
422 2116 468 2191 ad
490 2117 714 2191 imilationem
736 2118 943 2191 serenissimi
967 2117 1099 2190 domini
1125 2111 1340 2211 imperatoris
1356 2115 1463 2211 patris
1485 2115 1609 2208 nostri,
1643 2115 1738 2189 illius

325 2241 454 2313 intuitu
471 2240 566 2337 apud
587 2262 692 2337 wem
711 2262 775 2315 nec
799 2242 959 2315 meritum
976 2240 1109 2337 deperit
1133 2262 1198 2313 nec
1220 2260 1429 2335 quemquam
1449 2239 1736 2313 irremuneratum

326 2364 505 2458 relinquit,
535 2385 598 2460 pro
624 2364 777 2438 remedio
795 2386 936 2459 qnoque
958 2364 1149 2437 animarum
1168 2372 1350 2459 parentum
1374 2370 1567 2435 nostrornm
1589 2362 1646 2457 pie
1662 2383 1737 2435 me-

324 2489 434 2561 morie
450 2488 614 2562 divorum
627 2497 871 2583 angustorum,
892 2489 1085 2583 recepimus
1098 2489 1213 2583 ipsum
1225 2487 1470 2560 monasterium
1483 2508 1564 2559 cnm
1576 2486 1739 2561 omnibus

325 2608 506 2703 mancipiis
519 2618 554 2683 et
571 2610 845 2705 possessionibus
862 2610 936 2683 suis
952 2609 1020 2683 sub
1034 2610 1217 2705 specialem
1235 2610 1330 2702 regie
1344 2608 1593 2703 magnitudinis
1602 2620 1738 2705 proteo-

327 2732 475 2823 tionem;
505 2732 550 2807 de
566 2734 677 2827 gratia
691 2734 883 2807 serenitatis
901 2744 1017 2807 nostre
1029 2733 1194 2825 jamdicto
1210 2734 1417 2807 monasterio
1433 2742 1469 2805 et
1485 2734 1647 2806 tratribus
1669 2734 1739 2805 illic

325 2855 474 2929 Domino
485 2856 712 2931 militantibus
726 2856 864 2948 dantes,
882 2856 1111 2931 concedentes
1122 2866 1227 2950 atque
1237 2854 1478 2929 confirmantes
1488 2856 1525 2927 in
1535 2866 1739 2951 perpetuum

327 2978 488 3074 predium
505 2982 541 3052 in
556 2979 771 3075 Mundingen
788 2980 883 3077 qnod
902 2980 995 3055 idem
1014 2980 1257 3053 monasterinm
1276 2980 1322 3052 ab
1335 2980 1570 3075 Hospitnlariis
1592 3000 1740 3075 compa-

328 3105 415 3175 ravit
440 3128 520 3179 cnm
547 3106 720 3179 universis
742 3106 957 3201 appendiciis
983 3108 1074 3197 suis,
1100 3105 1260 3198 justitiis,
1293 3104 1552 3197 rationibusque
1577 3103 1623 3177 ad
1652 3102 1739 3177 illud

327 3227 489 3322 predium
504 3229 767 3323 pertinentibus.
787 3229 1016 3303 Concedimus
1041 3228 1088 3303 ad
1111 3228 1175 3303 hec
1195 3228 1310 3301 eidem
1329 3228 1535 3300 monasterio
1554 3236 1590 3301 et
1604 3225 1739 3299 contir-

328 3370 464 3423 mamns
483 3374 704 3459 quecumque¹
726 3354 945 3427 concessione
966 3352 1186 3449 pontificum,
1213 3352 1393 3446 largitione
1411 3350 1626 3453 principum,
1647 3350 1739 3424 dono

329 3474 493 3547 comitum
506 3476 563 3551 vel
579 3477 749 3551 baronum
760 3486 795 3551 et
810 3477 955 3551 aliorum
969 3477 1142 3551 oblatione
1157 3474 1312 3549 fidelium
1325 3479 1420 3567 juste
1436 3487 1472 3549 et
1495 3474 1741 3548 rationabiliter

330 3597 484 3692 possidet
492 3608 527 3672 ot
539 3600 576 3671 in
590 3601 839 3696 presentiarum
848 3611 910 3675 ant
922 3602 958 3673 in
967 3602 1121 3673 loturum
1132 3599 1236 3691 justis
1248 3598 1360 3671 modis
1374 3597 1584 3671 concedente
1596 3598 1741 3670 Domino

329 3723 453 3816 poterit
476 3722 644 3820 adipisci3
668 3726 823 3799 volentes
842 3703 944 3799 etiam
976 3724 1194 3812 concambia,
1225 3722 1428 3796 donationes
1458 3731 1493 3795 et
1522 3720 1741 3795 venditiones

330 3864 484 3919 omnesa
501 3846 783 3923 ministerialibus
799 3858 834 3923 et
851 3848 1049 3923 homiuibus
1066 3848 1192 3921 nostris
1208 3846 1323 3919 eidem
1342 3846 1547 3919 monasterio
1573 3846 1680 3917 lactas
1695 3844 1741 3919 de

330 3966 431 4040 bouis
449 3968 584 4064 imperii
601 3972 656 4043 vel
669 3972 865 4065 patrimonii
881 3973 1001 4061 nostri,
1023 3969 1139 4043 lirnras
1157 3994 1293 4066 semper
1311 3982 1346 4043 ct
1363 3970 1511 4042 illibatas
1523 3990 1737 4064 permanere.

332 4090 442 4185 thue
456 4094 692 4189 supradictum
713 4096 960 4169 monasterinm
978 4104 1094 4167 nostre
1110 4094 1220 4187 gratie
1241 4092 1456 4188 plenitudine
1475 4092 1627 4183 gaudeat
1645 4101 1680 4164 at
1703 4093 1739 4163 in

332 4224 420 4287 statu
438 4216 533 4311 pacis
557 4219 734 4309 consistat,
762 4230 797 4293 et
814 4229 853 4293 ut
873 4220 939 4293 hoc
956 4218 1130 4292 concessio
1149 4227 1266 4290 nostra
1283 4226 1318 4289 et
1331 4216 1543 4289 confirmatio
1555 4215 1688 4289 stabilis
1705 4224 1739 4287 et

333 4336 461 4413 illibata
478 4340 656 4434 consistat,
675 4364 817 4438 presens
838 4342 922 4417 inde
940 4342 1162 4438 privilegium
1187 4341 1353 4415 conscribi
1375 4339 1546 4432 jussimus
1572 4348 1608 4411 et
1624 4346 1739 4410 nostre

333 4463 517 4553 majestatis
530 4466 625 4541 bulla
637 4468 855 4541 communiri.

380 4586 490 4679 liujus
505 4590 556 4661 rei
574 4600 674 4665 testes
690 4602 772 4664 sunt
782 4619 790 4663 ε
801 4588 1006 4665 Bertholdus
1017 4589 1277 4682 argentinensis
1287 4588 1483 4683 episeopus,
1501 4584 1612 4657 abbas
1625 4586 1739 4659 Sancti

333 4704 436 4799 Galli,
455 4733 572 4787 eomes
589 4715 757 4789 ilenricus
771 4716 815 4789 de
827 4714 974 4805 Werda,
994 4715 1103 4787 etalii
1122 4712 1210 4808 (sic).

381 4831 465 4908 Acta
480 4846 563 4911 sunt
579 4838 645 4916 heo
662 4860 754 4922 anuo
768 4842 814 4915 Μ.
832 4838 1059 4931 cc,xxx11,
1079 4838 1178 4911 tertio
1192 4834 1356 4911 kalendas
1370 4833 1527 4928 angusti,
1557 4830 1741 4907 indictione
1856 4819 1860 4824 ⁵
