4859 6359
555 785 643 862 'rra
1079 803 1496 870 rmnsnrcssncuunr
1549 874 1554 881 ,
1805 805 1993 891 [aalma

583 936 819 1034 compellendo
833 936 899 1035 (t).
909 939 1036 1012 Verum
1047 961 1142 1034 cum,
1154 941 1246 1015 sicut
1259 943 1468 1039 acecpimus,
1486 963 1508 1017 a
1524 939 1625 1015 robis
1638 961 1701 1038 per
1716 939 1920 1036 hujusmodi
1934 943 1995 1014 lit·

583 1072 674 1138 teras
686 1061 802 1135 nullus
814 1061 953 1134 habitus
964 1061 1008 1136 sit
1019 1085 1217 1159 processus,
1237 1087 1301 1139 nos
1316 1067 1437 1140 merito
1450 1064 1635 1163 providere
1646 1065 1803 1138 volentes
1814 1063 1936 1160 seipsi
1948 1063 1994 1138 dc

582 1194 677 1260 tante
691 1185 888 1259 temeritatis
899 1207 1065 1274 excessu,
1085 1187 1192 1282 digne
1203 1210 1274 1262 non
1289 1190 1401 1263 solum
1416 1189 1453 1261 in
1469 1188 1622 1280 clericis,
1636 1187 1700 1262 sod
1714 1188 1819 1261 etiam
1830 1189 1867 1259 in
1884 1186 1993 1282 laycis
2035 1260 2039 1266 ,

582 1309 792 1386 correctione
805 1309 906 1383 solita
922 1310 1097 1404 castigari,
1114 1312 1293 1386 materiam
1304 1311 1456 1386 habeant
1468 1298 1657 1406 gloriandi,
1673 1309 1841 1406 quinimo
1853 1318 1991 1406 utpena

583 1434 628 1508 de
644 1432 805 1531 preterito
819 1432 914 1530 ipsos
930 1442 1051 1508 cautos
1062 1434 1187 1508 effidat
1202 1435 1249 1512 de
1263 1436 1399 1529 fulmo,
1413 1437 1520 1532 quisi
1534 1435 1654 1510 oculos
1666 1435 1713 1510 ad
1729 1433 1872 1534 superui
1884 1433 1990 1532 equi-

582 1566 687 1632 tatem
697 1556 827 1651 judicis
841 1555 1049 1651 erexissent,
1066 1579 1136 1632 uon
1154 1559 1266 1632 lilium
1287 1560 1325 1632 ln
1344 1559 1616 1656 persecutionem
1633 1557 1719 1632 tanti
1737 1557 1844 1654 patris
1861 1577 1990 1631 accen·

581 1683 683 1774 dere,
709 1681 772 1756 sed
788 1703 849 1776 pro
864 1681 961 1756 illins
976 1681 1201 1780 deprimenda
1219 1684 1394 1782 protervia
1416 1684 1530 1758 omnis
1550 1682 1730 1777 vigilantio
1748 1680 1905 1755 studium
1927 1679 1990 1753 de·

579 1806 738 1879 buissent
767 1805 884 1900 potius
914 1807 1158 1902 assumpsisse,
1187 1804 1411 1905 precipiendo
1444 1803 1650 1881 mandamus
1683 1814 1856 1903 quatenus
1885 1826 1990 1902 super

578 1925 756 2028 premissis
771 1927 864 2004 circa
878 1925 1073 2026 episcopos,
1094 1927 1257 2004 abbatem
1268 1941 1303 2005 et
1314 1932 1500 2006 canonicos
1513 1940 1737 2021 memoratos,
1752 1949 1885 2003 necnon
1897 1926 1989 2002 circa

576 2051 840 2128 Vormacensem
855 2053 1001 2126 electum
1014 2050 1066 2150 (Ξ)
1087 2061 1122 2128 et
1137 2053 1339 2149 magistrum
1361 2054 1561 2130 Derardum
1585 2055 1789 2128 canonicum
1810 2049 1988 2149 herbipo-

577 2177 722 2268 lensem,
744 2175 806 2271 qui
825 2197 904 2248 cum
923 2176 1087 2272 predictis
1107 2178 1355 2274 presumpsisse
1375 2179 1501 2252 similia
1522 2179 1735 2265 reseruntur,
1751 2183 1830 2273 post
1845 2196 1989 2270 suscep·

578 2300 706 2374 tionem
715 2299 923 2396 presentium
927 2301 1031 2392 Juxta
1042 2300 1195 2397 priorum
1206 2302 1644 2376 continentiamlitterarum
1653 2300 1748 2374 omui
1759 2299 1988 2398 appellatione

578 2423 767 2520 postposita
791 2424 857 2496 snb
880 2423 1076 2519 Apostolica
1100 2423 1297 2498 ohedientia
1323 2423 1536 2522 procedatis3
1562 2423 1659 2519 quod
1680 2444 1786 2518 super
1810 2422 1987 2522 premissis

578 2547 804 2638 inveneritis,
848 2546 948 2620 nobis
992 2547 1116 2622 vestris
1159 2547 1281 2622 litteris
1317 2549 1407 2621 inlra
1447 2548 1579 2622 dictum
1617 2546 1801 2621 terminum
1840 2544 1986 2619 fideliter

575 2671 787 2766 expressuri.

626 2795 750 2900 Datum
767 2793 906 2882 assisii,
924 2793 1001 2871 thl
1019 2793 1182 2870 calendas
1195 2791 1363 2888 octobris,
1381 2793 1603 2892 pontificatus
1617 2792 1726 2870 nostm
1741 2813 1834 2868 auno
1847 2793 1909 2867 IX.

416 3391 505 3442 bil·
630 3377 837 3488 Gregorius
863 3402 963 3486 pape
989 3376 1227 3486 patriachae
1251 3377 1488 3462 Antiocheno
1515 3376 1676 3462 mandat
1704 3385 1749 3461 nt
1774 3371 1984 3458 rectoribus

367 3445 399 3490 Μ
408 3445 549 3500 septembris.

577 3511 766 3596 societatis
795 3503 1050 3595 Lombandias
1083 3509 1270 3594 kalendas
1293 3509 1508 3594 doeemhris
1533 3509 1708 3620 proximo
1733 3507 1884 3592 futuras
1912 3529 1984 3616 pro

612 3864 650 3938 (l)
669 3863 708 3921 Cl.
722 3879 813 3938 supra,
829 3880 857 3938 p.
872 3867 935 3934 532,
949 3863 1053 3922 litteras
1064 3879 1150 3940 papae
1162 3863 1240 3922 datas
1249 3865 1362 3937 Perusii,
1377 3868 1411 3922 tt
1424 3865 1524 3924 martii.

612 3960 649 4035 ll)
667 3959 706 4018 Dc
719 3959 814 4018 itinere
833 3955 951 4019 hudolh
973 3962 1007 4020 ad
1030 3962 1134 4020 uolam
1156 3962 1305 4019 itomanam
1324 3961 1395 4020 hanc
1416 3963 1578 4020 mentionem
1592 3956 1725 4018 habemus
1741 3959 1772 4016 iu
1789 3957 1888 4016 Amol.
1906 3954 1984 4014 Νοτ-

574 4065 655 4131 mot,
679 4073 723 4134 ap
745 4059 896 4132 mmet,
914 4057 1025 4130 Fontes,
1040 4067 1061 4118 t.
1074 4057 1110 4132 ll,
1123 4075 1153 4134 p.
1170 4063 1240 4119 tte:
1256 4060 1434 4119 «dewres
1450 4074 1515 4118 roro
1538 4058 1640 4118 domiui
1660 4055 1780 4116 landold
1798 4055 1918 4130 episemi
1936 4056 1984 4128 qni

576 4157 706 4216 honorem
722 4155 852 4216 ecclesiae
864 4173 930 4216 suae
946 4157 1062 4216 totaliter
1079 4157 1263 4230 mhnqocntss
1277 4158 1367 4233 ipsum
1382 4157 1602 4231 imoquobanter,
1615 4153 1829 4230 dwaadboc
1846 4150 1985 4210 instabant

575 4253 647 4328 quod
658 4254 782 4312 domiuus
794 4255 933 4314 Hemricns
945 4255 980 4312 de
990 4254 1107 4314 Catanen
1118 4253 1332 4330 prothonotarim
1340 4254 1420 4330 (idem
1430 4254 1546 4314 tortasse
1556 4253 1590 4312 de
1598 4266 1657 4328 ‘qao
1666 4267 1758 4326 supra,
1767 4267 1797 4324 p.
1810 4251 1872 4322 355,
1884 4253 1941 4306 not.
1955 4249 1982 4320 t)

575 4361 592 4409 a
613 4351 720 4410 domino
742 4352 903 4426 imperatore
926 4353 1068 4427 episcopus
1086 4349 1292 4411 wormatiensis
1310 4350 1531 4423 constitueretur,
1551 4347 1612 4408 ideo
1628 4349 1769 4406 habebant
1785 4345 1887 4404 litteras
1904 4361 1983 4420 quas·

575 4461 691 4524 ermque
706 4447 847 4522 volebant,
867 4449 958 4508 statim
976 4447 1158 4524 procurabant
1173 4445 1279 4508 litteras
1298 4444 1336 4507 ad
1352 4449 1425 4508 ciues
1438 4451 1472 4506 nt
1489 4447 1627 4507 dominum
1643 4446 1800 4521 episcopum
1821 4459 1838 4501 a
1857 4441 1917 4502 loon
1939 4442 1985 4500 illo

575 4548 737 4606 unanimiter
757 4553 936 4606 moverem.
958 4545 1038 4618 Quod
1057 4547 1131 4605 dves
1151 4543 1241 4605 lacere
1261 4546 1461 4605 aduerunt...
1482 4547 1586 4606 ludens
1603 4545 1675 4602 haec
1695 4542 1820 4600 dominns
1840 4540 1985 4616 episcopos

575 4645 740 4703 brevitates
760 4645 920 4720 expediens,
934 4659 989 4702 una
1004 4659 1067 4702 cum
1086 4643 1287 4702 uenerabilibus
1304 4644 1428 4720 patribus
1446 4643 1554 4702 domino
1569 4641 1693 4704 &made
1709 4641 1746 4698 ds
1764 4640 1842 4698 Thon
1864 4636 1984 4712 Spirensi

575 4741 701 4814 episcopo
710 4745 738 4798 et
748 4741 856 4799 domino
869 4743 1022 4800 Hermanno
1032 4735 1219 4815 herbipolensi
1229 4741 1366 4815 episcopo,
1374 4740 1421 4814 qui
1432 4739 1460 4796 in
1470 4739 1566 4796 eadem
1577 4737 1765 4812 dampnatione
1775 4739 1864 4806 mant,
1873 4732 1986 4790 aoeessit

575 4837 611 4894 ad
625 4835 725 4894 curiam
736 4833 893 4896 Romanam.
903 4857 917 4892 u
927 4833 970 4896 lix
982 4831 1079 4896 litteris
1092 4853 1179 4912 papae
1194 4838 1247 4895 iter
1261 4835 1379 4896 landolfi
1393 4851 1445 4895 non
1457 4843 1520 4895 ante
1532 4836 1613 4896 linem
1624 4833 1779 4894 novembris
1792 4827 1893 4890 mensis
1905 4843 1983 4903 repo

576 4933 692 4992 nendum
703 4941 764 4992 csse
776 4949 925 4993 censemus.
