4859 6359
640 748 701 810 878
1137 742 1351 808 rhlhhlttcl
1375 742 1544 806 stabunt
1857 736 1937 815 [Aur.
1956 734 2041 801 12³6.

641 880 739 977 quod
756 888 935 976 propterea
950 900 1109 953 accessus
1130 900 1251 953 eorum
1272 879 1319 954 ad
1341 881 1530 954 Romanam
1544 874 1675 949 curiam
1694 874 1824 945 inutilis
1841 872 2040 963 haberetur,

642 1004 885 1078 nichilominus
899 1006 1001 1098 longe
1014 1015 1094 1077 ante
1112 1003 1205 1077 diem
1224 1012 1388 1077 statutum
1400 1002 1555 1099 partibus
1566 1022 1629 1097 per
1644 997 1872 1095 patriarcham
1883 994 2044 1068 eumdem

642 1130 756 1227 papali
784 1128 982 1223 conspectui
1011 1126 1062 1222 (a)
1093 1128 1276 1223 presentati
1309 1148 1350 1201 ac
1378 1128 1525 1199 multum
1553 1130 1633 1221 post
1663 1121 1757 1195 diem
1786 1127 2045 1215 procuratorum

643 1252 790 1325 adverse
817 1252 923 1347 partis
947 1251 1155 1340 adventum,
1187 1272 1257 1324 non
1287 1252 1363 1324 sine
1390 1249 1659 1323 murmuratione
1688 1249 1873 1319 multorum
1903 1242 2046 1340 proinde

645 1376 746 1449 nobis
763 1384 799 1449 et
817 1376 961 1471 imperio
978 1376 1142 1449 honorem
1162 1375 1319 1450 debitum
1341 1374 1411 1448 ledi
1438 1372 1668 1463 credentium,
1685 1378 1921 1467 expectantes,
1943 1366 1987 1441 de
2004 1368 2047 1439 li-

644 1498 755 1571 centia
770 1520 835 1570 sua
848 1507 883 1571 et
898 1499 1041 1570 iratmm
1059 1520 1122 1594 per
1138 1507 1272 1571 nostras
1290 1497 1510 1593 postmodum
1525 1498 1655 1570 litteras
1666 1494 1818 1568 revocati
1835 1492 1882 1567 ad
1898 1500 2045 1565 nostram

645 1622 849 1717 presentiam
874 1621 1070 1709 redierunt;
1099 1643 1232 1694 moram
1257 1622 1411 1716 ipsorum
1435 1620 1565 1695 nedum
1588 1641 1648 1715 per
1673 1618 1850 1691 illusiones
1865 1614 2047 1709 jamdictas

646 1746 801 1818 inutilem
820 1745 1042 1833 arbitrantes,
1063 1741 1235 1839 sedquod
1253 1746 1354 1837 juxta
1378 1744 1574 1840 petitionem
1591 1764 1694 1839 pape,
1710 1742 1755 1815 de
1770 1740 1898 1813 honore
1918 1749 1953 1811 et
1970 1740 2048 1831 jure

647 1870 781 1963 imperii
800 1870 972 1942 mentione
987 1891 1057 1943 non
1074 1872 1164 1943 iacta
1182 1892 1247 1943 nec
1262 1870 1397 1963 adjecto
1417 1894 1434 1937 u
1452 1870 1497 1943 de
1515 1866 1657 1942 consilio
1672 1866 1719 1965 (l)
1746 1864 1940 1962 principum
1960 1885 2048 1937 nos-

646 2002 792 2081 trorum,
812 2018 831 2062 »
847 1995 950 2085 juxta
967 1996 1110 2067 formam
1127 1994 1282 2068 mandati
1301 1993 1423 2084 nostri,
1446 1990 1481 2065 in
1499 2014 1672 2067 summum
1686 1988 1881 2087 pontificem
1896 2008 2049 2082 compro

646 2116 780 2189 mittere
797 2138 867 2189 non
883 2117 1058 2189 valebant.
1078 2118 1149 2189 Nec
1164 2138 1347 2211 possumus
1364 2116 1425 2211 huj
1431 2140 1470 2189 us
1489 2117 1634 2189 verbum
1650 2115 1758 2212 patris
1772 2114 1838 2186 sub
1854 2111 2049 2186 dissimula·

647 2240 740 2313 tione
770 2240 933 2335 preterire
956 2240 1053 2335 quod
1075 2240 1307 2314 conditionem
1334 2240 1445 2336 ipsam
1473 2240 1558 2313 «de
1581 2240 1712 2313 honore
1739 2236 1873 2333 imperii
1898 2262 1916 2306 r>
1943 2256 2049 2330 quem

646 2362 846 2436 immediate
855 2363 1008 2437 Ecclesie
1024 2363 1197 2437 credimus
1214 2363 1390 2459 deputari,
1410 2364 1545 2460 scripsit
1558 2364 1676 2437 tollere
1690 2340 1994 2457 compromissum(
2018 2356 2047 2454 J.

645 2486 703 2561 Ad
720 2489 820 2579 cujus
837 2488 1095 2583 expressionem
1107 2486 1153 2560 de
1167 2510 1261 2561 mero
1275 2488 1354 2581 jure
1373 2496 1530 2561 tenemur
1553 2498 1588 2560 et
1605 2486 1722 2561 debito
1742 2494 1776 2559 et
1790 2494 1936 2579 auguste
1952 2483 2051 2555 titulo

646 2611 844 2703 diguitatis,
861 2634 970 2705 quum
984 2612 1147 2685 honorem
1165 2612 1301 2707 imperii
1324 2632 1388 2684 nec
1406 2612 1507 2685 tacite
1524 2632 1588 2683 nec
1602 2632 1766 2705 expresse
1786 2610 1939 2681 minuens
1962 2626 2052 2703 pos-

646 2758 784 2824 sumus,
803 2735 865 2807 sed
878 2756 1020 2829 augere.
1044 2736 1161 2831 Nuper
1177 2746 1294 2808 autem
1310 2746 1387 2831 post
1405 2736 1555 2809 reditum
1574 2734 1726 2829 magistri
1739 2732 1878 2829 prelati,
1904 2730 2049 2827 Aposto-

647 2859 713 2931 lica
729 2860 854 2952 scripta
868 2861 1063 2954 recepimus
1075 2859 1129 2955 (2)
1143 2881 1207 2955 per
1223 2880 1293 2953 que
1310 2859 1356 2932 ud
1374 2858 1719 2954 compromittentium
1744 2860 1779 2929 in
1799 2879 1880 2929 eum
1898 2856 2045 2951 precise,

646 2982 801 3075 magistri
818 2982 931 3056 reditu
945 2984 1100 3078 repetito,
1115 2984 1162 3056 ad
1178 2984 1245 3055 hoc
1259 2992 1297 3054 ut
1314 2984 1476 3078 propositi
1492 2982 1599 3054 nostri
1609 2982 1839 3055 constanciam
1851 2980 1896 3053 ab
1910 2978 2049 3052 introitu

648 3105 761 3195 Italic,
794 3128 898 3201 quem
921 3108 1040 3202 procul
1063 3107 1171 3179 dubio
1194 3106 1415 3201 imperialiter
1441 3106 1530 3179 duce
1547 3108 1692 3179 Domino
1710 3106 1796 3179 inire
1812 3104 2046 3200 disponimus,

648 3229 756 3322 possit
769 3238 939 3317 avertere,
961 3230 1213 3303 constitutionis
1231 3240 1382 3303 tenorem
1398 3228 1445 3325 (c)
1463 3230 1508 3303 de
1524 3230 1742 3303 discordibus
1758 3250 1820 3325 pro
1836 3229 1979 3301 utilitate
1991 3248 2050 3299 ne·

650 3350 735 3441 getii
768 3352 869 3423 Terre
883 3352 1007 3423 Sancte
1026 3352 1072 3424 ad
1101 3362 1255 3446 treugam
1276 3354 1332 3424 vel
1359 3353 1577 3425 concordiam
1602 3351 1807 3425 revocandis
1824 3350 1920 3447 apud
1948 3351 2051 3423 Reate
2188 3380 2190 3383 ·

650 3473 750 3545 nobis
761 3474 975 3567 presentibus
987 3474 1081 3547 edite
1095 3474 1142 3546 ad
1159 3485 1309 3549 nostrum
1323 3476 1521 3549 memoriam
1535 3476 1730 3564 revocavit,
1747 3475 1812 3547 hoo
1825 3472 1945 3547 addito
1958 3472 2052 3567 quod

650 3594 775 3669 adhoc
790 3598 896 3691 aliqui
911 3618 957 3670 ex
974 3600 1110 3692 magnis
1127 3610 1215 3672 terre
1235 3600 1446 3694 principibus
1458 3608 1539 3672 sunt
1554 3600 1731 3695 compulsi.
1752 3600 1845 3671 Licet
1861 3608 1978 3671 autem
1992 3619 2053 3693 per

650 3740 691 3791 ea
709 3742 777 3813 que
794 3721 1009 3817 prediximus
1026 3724 1055 3795 si
1075 3724 1223 3819 placeret
1235 3726 1425 3820 potuissent
1442 3724 1569 3799 hahere
1582 3726 1706 3820 scripta
1725 3745 1948 3820 responsum,
1969 3722 2051 3796 dnm

649 3843 773 3915 trustra
790 3865 853 3939 pro
871 3845 1007 3917 illorum
1019 3868 1106 3941 pace
1123 3868 1187 3919 sua
1203 3846 1252 3944 (cl)
1266 3847 1434 3921 laboraret
1457 3848 1600 3921 intentio
1620 3849 1681 3943 qui
1702 3868 1820 3944 paoem
1848 3848 1955 3919 verbo
1981 3846 2053 3919 seb

652 4018 1022 4041 ..........
1051 3968 1115 4067 (c),
1137 3979 1175 4042 ut
1189 3970 1351 4066 temporis
1370 3973 1635 4069 oportunitatem
1653 3971 1844 4067 inquirant,
1873 3990 1940 4043 non
1962 3971 2052 4042 lacto

690 4113 732 4193 (a)
753 4116 788 4175 In
800 4116 900 4177 codice
911 4125 1092 4197 moremptar.

690 4218 730 4301 (d)
752 4223 788 4283 In
799 4222 899 4284 codice
912 4221 1024 4305 adjecto
1035 4222 1166 4287 ceadda.

691 4326 728 4407 (c)
750 4329 785 4388 ln
799 4329 898 4390 codice
911 4328 1055 4393 honorent.

691 4431 735 4513 (d)
753 4436 790 4495 In
803 4434 902 4496 codice
914 4435 980 4498 sito

692 4538 730 4619 (c)
752 4542 808 4601 illc
820 4544 850 4601 in
863 4542 962 4603 codice
973 4543 1118 4621 quamam
1130 4544 1347 4607 desiderantur:
1363 4544 1499 4609 videlicet
1508 4542 1683 4625 affectanter,
1693 4544 1740 4605 vel
1753 4544 1931 4623 hujusmodl.

686 4746 721 4819 (l)
740 4746 808 4803 Vide
820 4763 902 4822 supra
912 4748 1014 4808 litteras
1025 4750 1148 4827 Gregorii
1158 4753 1246 4827 lll‚p.
1263 4756 1324 4812 825.

688 4842 723 4915 (t)
741 4842 810 4901 Vide
822 4859 920 4917 supra,
932 4846 1040 4905 ibidem.
