4859 6359
382 794 481 856 Irnrm.
497 792 542 870 7.]
831 783 1029 847 HISTORIA
1052 782 1346 848 errnonnrlctt
1732 782 1793 845 639

431 925 634 1017 Heinsius,
654 922 716 995 Dei
732 920 845 1015 gretie
860 923 1093 997 Romanorum
1107 943 1172 995 rex
1190 928 1523 1019 semperungostus‚
1541 917 1713 991 universis
1726 917 1793 992 hoc

382 1051 548 1145 scriptum
571 1046 793 1119 intuentibus¹
805 1046 842 1118 iu
868 1054 1089 1141 perpetuum
1116 1045 1283 1119 Moerim
1299 1042 1454 1116 universi
1470 1041 1652 1136 qnodtnm
1665 1041 1790 1113 consti·

381 1174 573 1249 tntIonibns
591 1181 745 1245 anostra
772 1172 948 1263 majestate
974 1190 1085 1265 nuper
1115 1169 1152 1241 in
1182 1169 1277 1242 ouriu
1301 1166 1542 1240 frankenford
1565 1166 1792 1262 promulgatis

381 1320 487 1393 quem
506 1298 611 1371 etiem
628 1294 784 1391 petitioni
803 1294 918 1367 dilecti
933 1292 1100 1390 principis
1112 1294 1220 1367 nostri
1238 1294 1279 1365 G.
1299 1292 1508 1365 sonorabilis
1523 1290 1717 1363 Bremensis
1734 1312 1790 1363 ec·

381 1422 485 1495 ciseio
501 1418 749 1515 archiepiscopi
764 1418 961 1493 sntIsisoere
976 1416 1172 1512 cupientes,
1191 1416 1503 1489 cives‘Bremenses
1518 1426 1555 1488 et
1568 1414 1752 1487 stadensee
1769 1436 1791 1486 a

386 1544 597 1641 prestatione
612 1543 762 1616 thelonei
778 1542 875 1637 quod
887 1541 1029 1637 abipsis
1041 1541 1232 1614 incivitate
1248 1541 1390 1614 Lubeke
1401 1541 1584 1634 hocusque
1601 1540 1696 1633 exigi
1709 1560 1791 1611 con·

380 1668 512 1757 suevit,
533 1666 660 1740 liberos
670 1666 810 1761 ponitus
824 1664 1031 1740 dimittimus
1041 1672 1076 1737 et
1086 1665 1273 1738 absolutos.
1288 1666 1332 1737 Iit
1346 1686 1390 1737 ne
1400 1664 1439 1735 id
1453 1663 1614 1759 temporis
1629 1684 1791 1757 processu

381 1792 417 1863 in
435 1791 583 1865 dubium
595 1799 794 1883 revocetur,
815 1790 1032 1887 presentibus
1050 1788 1172 1863 litteris
1189 1798 1304 1863 nostre
1328 1788 1513 1881 mejestatis
1529 1788 1659 1883 apponi
1678 1787 1792 1878 jussi-

383 1936 462 1989 mus
477 1915 645 2009 sigilium.
1584 1950 1588 1966 ·

429 2042 556 2112 Datum
573 2039 669 2135 apud
688 2038 938 2127 Frenkeuiurt,
959 2035 1041 2110 idus
1060 2036 1242 2127 februarii,
1264 2035 1451 2110 indictione
1462 2036 1621 2131 septima.

432 2598 639 2707 Henricns,
659 2599 919 2683 Romanorum
937 2624 1023 2705 rex,
1043 2598 1204 2683 Henrico
1231 2597 1428 2682 Basilicnsi
1455 2600 1631 2711 episcopo
1656 2602 1697 2685 in
1720 2629 1791 2685 so-

381 2731 498 2815 lemni
520 2734 627 2817 curia
653 2733 839 2843 probante
864 2733 1078 2843 Eginonem
1104 2733 1283 2817 comitem
1309 2732 1358 2815 de
1386 2733 1550 2843 Friburg
1575 2736 1624 2817 de
1650 2762 1794 2846 argen-

381 2864 550 2948 tifodinis
568 2876 605 2949 et
632 2867 814 2951 custodiis
846 2868 1040 2978 sylvarum
1066 2893 1133 2976 per
1158 2866 1426 2977 Brisgnugiam
1443 2867 1611 2977 legitime
1634 2869 1683 2952 ah
1710 2869 1793 2979 ipso

380 2997 620 3083 infeudatum
638 3026 741 3110 esse,
760 3003 809 3085 do
825 3000 1061 3112 providentis
1083 3000 1232 3083 consilii
1259 3000 1320 3091 sui
1345 3001 1523 3083 eumdem
1549 3002 1726 3085 comitem
1752 3004 1792 3085 in

379 3132 657 3240 possessionem
689 3134 971 3243 praedictorum
1001 3134 1192 3217 bonorum
1229 3133 1367 3239 mittit,
1394 3159 1515 3245 esque
1541 3135 1663 3218 eidem
1689 3163 1791 3219 con-

378 3262 521 3349 firmet.

462 3481 598 3563 (Edtder.
622 3482 799 3564 domurn,
826 3479 992 3545 Catholicae
1013 3483 1058 3543 rei
1079 3490 1205 3557 mmet,
1233 3500 1264 3560 p.
1291 3491 1360 3545 101.
1377 3514 1418 3528 -
1435 3483 1553 3557 Lumo,
1576 3480 1789 3561 Itdcicercdic,

501 3596 525 3651 t.
539 3590 642 3665 XVII,
656 3608 688 3669 p.
707 3600 775 3652 tto.
789 3622 830 3636 -
843 3590 1019 3665 Lonnonr„
1032 3586 1107 3651 Acta
1117 3584 1253 3669 pectem
1264 3596 1290 3651 t.
1304 3590 1333 3662 1,
1348 3606 1414 3667 cup.
1428 3590 1467 3664 V,
1482 3607 1514 3666 p.
1532 3598 1579 3650 ³0.
1593 3621 1633 3635 -
1646 3590 1790 3670 Duriores,

503 3694 592 3776 copi
605 3693 771 3776 deme,
785 3703 859 3757 mm.
874 3696 906 3770 1,
928 3712 998 3775 pers
1009 3698 1035 3775 1,
1050 3712 1078 3775 p.
1099 3704 1166 3759 tte.
1182 3728 1223 3743 -
1235 3696 1442 3770 Senomrnrrr,
1461 3695 1538 3757 But.
1559 3694 1789 3777 ωηο-ΒΜ,

500 3806 526 3862 t.
535 3801 589 3877 IV,
601 3819 632 3879 p.
647 3802 944 3877 ise-TnomnuAr,
952 3802 1085 3864 Mecum.
1097 3800 1230 3896 deduce:
1244 3799 1341 3862 612th
1352 3798 1387 3861 dc
1398 3798 1480 3878 lidie,
1490 3809 1513 3862 t.
1521 3803 1547 3876 1,
1557 3811 1666 3879 psus,
1675 3810 1789 3865 n⁰set.

504 3938 544 3953 -
556 3907 706 3988 Pinum,
719 3908 794 3970 Eiet.
818 3907 911 3985 Vico,
925 3910 1043 3969 dissert.
1057 3909 1095 3970 de
1107 3912 1201 3988 pagis,
1216 3927 1247 3987 p.
1269 3916 1326 3983 to,
1339 3926 1490 3987 perpetem
1507 3908 1565 3970 hoc
1584 3910 1792 3971 documentum

500 4011 630 4075 Honrico
645 4014 777 4091 Respont
790 4014 906 4079 tribuit.
926 4016 1080 4093 Nusquam
1094 4022 1195 4077 tnrncn
1208 4016 1297 4094 piune
1309 4023 1472 4078 conectum
1485 4017 1534 4079 vd
1547 4017 1586 4079 od
1597 4015 1688 4079 tidem
1701 4019 1790 4095 0ng-

502 4119 579 4180 nuIis
592 4120 774 4199 descriptum
787 4118 930 4199 ridetur.)

425 4262 629 4357 Heinricns,
655 4266 719 4338 Dei
744 4266 855 4360 gretie
871 4267 1101 4339 Romanorum
1117 4288 1182 4339 rex
1205 4276 1240 4339 et
1256 4288 1391 4362 semper
1415 4276 1600 4360 augustus,
1622 4268 1792 4339 universis

379 4386 516 4483 imperii
534 4387 839 4484 fidelibusquibus
859 4412 1002 4485 presens
1030 4390 1141 4463 littera
1167 4390 1270 4462 fuerit
1286 4398 1437 4481 ostense,
1466 4392 1610 4484 gratiam
1633 4413 1731 4462 suam
1756 4402 1793 4464 et

379 4532 518 4585 ornnem
532 4512 820 4587 benevolentiam.
842 4514 886 4586 Ut
908 4512 955 4587 ed
976 4524 1108 4587 nostros
1126 4535 1341 4587 successores
1366 4514 1569 4609 perveniant
1584 4512 1734 4586 firmiora
1749 4537 1792 4589 es

379 4658 449 4731 qno
466 4658 582 4710 coram
596 4638 696 4711 nobis
709 4648 876 4733 aguntur,
897 4638 1087 4710 litterarum
1111 4638 1304 4711 testimonio
1321 4637 1601 4711 commendamus
1617 4660 1662 4711 ne
1681 4649 1792 4713 tractu

380 4762 543 4856 temporis
558 4784 580 4835 e
598 4762 693 4834 labili
710 4762 890 4835 hominum
905 4762 1071 4835 memorie
1089 4771 1306 4837 evanescant.
1336 4761 1551 4833 Meminerint
1579 4763 1684 4857 igitur
1708 4787 1791 4860 pre-

381 4895 494 4961 sentes
517 4896 553 4960 et
584 4898 829 4983 recognoscent
854 4889 960 4961 Iuturi
996 4888 1092 4984 qnod
1123 4888 1267 4962 dilectus
1294 4887 1454 4983 princeps
1482 4898 1596 4961 nostor
1625 4890 1793 4963 Henricns
