4859 6359
376 876 474 937 lrnrcr.
491 876 535 954 d]
825 870 1020 933 HISTORIA
1045 870 1338 934 ulutonsutct.

625 1185 1536 1201 ——n——n—-o--u-——u———un——n—

427 1486 632 1594 Henrious,
652 1485 913 1571 Romanorum
937 1508 1023 1592 rex,
1043 1483 1299 1569 uenditionem
1317 1509 1341 1566 a
1358 1482 1548 1568 Ludorioo
1564 1483 1613 1565 de
1630 1483 1784 1594 Schipia
1820 1498 1973 1607 &2pr

374 1620 608 1705 monasterio
622 1620 671 1702 de
689 1617 892 1729 Otterberg
917 1642 1006 1701 oum
1033 1642 1191 1701 assensu
1218 1642 1288 1701 suo
1313 1616 1453 1701 iactam
1478 1619 1528 1701 de
1553 1617 1665 1703 bonis
1686 1644 1787 1730 quae

374 1752 540 1839 habebnt
556 1754 597 1835 in
616 1750 866 1863 Ormicheim‚
887 1762 1019 1837 notam
1035 1752 1127 1836 iecit
1143 1761 1180 1835 et
1197 1751 1409 1836 confirmat.

1822 1606 1973 1651 dissonuit.

456 2013 586 2093 (Edtder.
597 2012 681 2075 ann
695 2018 725 2075 et
738 2012 892 2088 nmmo,
910 2008 1139 2073 Urdondcndnct
1152 2008 1201 2072 dcc
1214 2012 1309 2074 limat.
1325 2008 1488 2092 ormino,
1501 2028 1533 2090 p.
1548 2021 1599 2089 44,
1613 2022 1648 2075 n⁰
1660 2012 1726 2095 59.)

424 2252 623 2338 Heinricus‚
645 2251 705 2324 Dei
721 2251 831 2346 gratia
855 2252 1087 2325 Romanorum
1109 2272 1175 2325 rex
1194 2262 1231 2324 et
1248 2272 1383 2348 semper
1399 2262 1589 2346 augustus,
1615 2257 1787 2329 universis

374 2377 511 2475 imperii
533 2376 694 2450 fidelibus
719 2376 849 2470 quibus
867 2396 1009 2471 presens
1036 2376 1146 2448 littera
1175 2375 1278 2448 fuerit
1301 2387 1438 2449 ostensa
1462 2378 1607 2471 gratiam
1632 2401 1730 2452 snam
1752 2390 1788 2453 et

375 2501 638 2577 omnebonum.
658 2501 702 2573 Ut
719 2500 754 2571 in
777 2500 904 2573 nostris
921 2500 1133 2594 temporibus
1154 2500 1372 2573 venditiones
1387 2511 1422 2573 et
1437 2503 1629 2597 emptiones
1647 2505 1734 2577 fecte
1750 2506 1786 2577 in

373 2624 720 2721 nostrospervenient
735 2631 888 2718 posteros
905 2630 940 2694 et
957 2643 1002 2695 ne
1018 2621 1087 2693 litis
1104 2622 1241 2695 occasio
1257 2632 1427 2719 prestetur
1438 2624 1641 2717 successori,
1656 2648 1697 2699 ea
1715 2650 1787 2723 que

375 2770 489 2821 coram
507 2746 608 2820 nobis
624 2754 791 2842 geruntur
805 2744 1023 2819 decrevimus
1038 2746 1207 2841 scripture
1221 2747 1415 2821 testimonio
1431 2749 1592 2822 eternari.
1611 2750 1786 2826 Memine-

373 2872 444 2945 riut
460 2872 564 2967 igitur
578 2878 754 2967 presentes
772 2877 806 2943 st
823 2870 929 2942 futuri
950 2868 1046 2965 quod
1062 2868 1174 2944 fidelis
1188 2880 1304 2944 noster
1321 2871 1529 2947 lodowicus
1550 2873 1596 2947 de
1612 2874 1785 2973 Sohiffpha

374 2996 533 3071 uendidit
549 2996 692 3070 ecclesie
710 2995 755 3068 de
771 2994 954 3089 Ottcrburg
971 3014 1031 3089 per
1048 3016 1173 3069 manus
1199 3004 1352 3085 nostras,
1380 2994 1480 3068 nobis
1507 2996 1782 3090 licentiantibos,

372 3120 465 3195 bona
481 3142 544 3195 sua
555 3142 625 3215 qne
641 3118 832 3193 dinoscitur
846 3118 1010 3193 habuisse
1026 3119 1063 3191 in
1080 3118 1287 3193 Ormisheim
1300 3145 1309 3189 ε
1322 3117 1484 3193 videlicet
1495 3118 1666 3193 decimam
1681 3119 1786 3217 quin-

374 3266 443 3341 que
460 3246 633 3319 mansium
649 3252 684 3317 et
698 3242 928 3339 quadraginta
945 3242 1067 3337 jugera
1088 3262 1250 3337 agrorum
1269 3252 1304 3315 et
1321 3240 1491 3315 decimam
1508 3243 1612 3316 unius
1633 3245 1738 3319 vinee
1751 3255 1787 3318 et

372 3370 480 3444 nnius
496 3370 562 3443 orti
584 3390 647 3465 pro
663 3376 802 3441 centum
816 3366 915 3439 libris
927 3360 1148 3440 metensium.
1169 3364 1256 3438 Com
1276 3365 1383 3460 igitur
1403 3366 1482 3439 talis
1497 3367 1626 3465 emptio
1643 3376 1678 3441 et
1695 3390 1787 3443 ven·

372 3492 460 3568 ditio
481 3492 583 3567 nobis
604 3490 897 3566 consentientibus
915 3490 1066 3565 sitrecte
1089 3500 1123 3565 et
1146 3490 1339 3586 requisitis,
1364 3492 1475 3588 ipsam
1497 3500 1615 3566 tenore
1641 3516 1786 3591 presen-

371 3618 461 3691 tium
480 3614 685 3717 profitemur
709 3624 744 3689 et
766 3614 1021 3708 confirmamus,
1051 3620 1092 3687 ut
1106 3636 1286 3711 nunquam
1304 3615 1431 3711 aliquis
1454 3637 1596 3690 suornm
1616 3615 1784 3692 heredum

369 3748 597 3817 memoratam
613 3738 852 3813 venditionem
877 3738 1007 3813 audeat
1030 3758 1194 3812 revocare
1217 3738 1275 3813 vel
1299 3740 1499 3834 infringere.
1520 3739 1622 3827 Quod
1639 3738 1700 3835 qui
1717 3743 1785 3815 'ie‘-

371 3867 458 3939 cerit
473 3865 559 3939 iram
575 3874 726 3939 nostram
743 3864 867 3936 sentiet
884 3870 918 3937 et
930 3863 1109 3936 offensam.
1124 3864 1271 3937 Domum
1286 3863 1493 3937 mandamus
1510 3873 1545 3937 et
1558 3865 1625 3937 sub
1640 3865 1783 3939 obtentu

370 3989 482 4086 gratie
499 3998 617 4063 nostre
634 3986 829 4061 firmissime
843 3987 1053 4084 precipimus
1067 3996 1107 4061 ut
1119 3988 1236 4061 nullus
1249 3989 1294 4061 sit
1310 3989 1372 4084 qui
1387 3990 1588 4085 premissam
1604 3992 1782 4066 ecclesiam

370 4112 472 4187 nobis
491 4113 651 4188 dilectam
673 4112 710 4184 in
730 4120 916 4185 memorata
934 4112 1108 4209 emptione
1130 4112 1322 4207 iuquietare
1342 4112 1471 4186 audeat
1488 4095 1719 4209 vei'gravare.
1741 4115 1784 4190 Et

370 4248 411 4311 nt
427 4238 539 4310 minor
563 4236 607 4309 sit
633 4257 737 4333 super
755 4236 830 4332 ipsa
849 4236 1022 4332 emptione
1044 4234 1272 4330 ambiguitas,
1291 4246 1484 4333 presentem
1503 4236 1648 4312 litteram
1669 4240 1781 4335 sigilio

369 4372 488 4437 nostro
506 4361 674 4435 duximus
690 4358 908 4433 communiri.

419 4488 536 4559 Testes
552 4494 634 4559 sunt
649 4484 715 4556 hi‘:
733 4482 928 4558 Fridericus
949 4480 994 4557 de
1013 4482 1266 4579 Trnhindingin
1276 4538 1287 4577 ,
1308 4486 1505 4560 Burlrnrdus
1525 4486 1718 4584 prepositus
1733 4488 1779 4564 de

367 4610 649 4704 Asohnffinburg,
669 4608 883 4682 Ebirhardns
897 4608 942 4683 de
956 4608 1228 4704 Hertingisbsrg,
1249 4610 1355 4683 etalii
1371 4611 1606 4708 quamplures.

416 4734 541 4808 Actum
560 4732 653 4830 epod
675 4732 901 4829 Herbipoiim,
925 4753 1016 4806 anno
1039 4732 1211 4808 dominice
1231 4733 1475 4809 incarnationis
1496 4734 1776 4833 M.CC.XXX11,

365 4857 492 4954 quinto
509 4853 675 4930 kalendas
691 4856 816 4948 martii,
835 4854 1023 4930 indictione
1037 4856 1080 4929 V.
