4859 6359
642 768 704 832 806
1144 760 1360 828 saturetur
1381 763 1561 826 sscttttut
1859 766 1943 850 [aru
1958 770 2046 834 mu

645 929 738 1003 dicte
767 924 911 1001 ecclesie
939 923 1132 1000 vivariensi
1163 950 1184 1002 s
1215 926 1309 1001 divis
1338 927 1497 1023 angustis
1537 925 1715 1024 quondam
1746 929 2050 1026 predecessoribus

644 1053 768 1127 nostris
784 1059 819 1124 et
833 1049 935 1124 nobis
953 1047 1088 1124 dodum
1108 1069 1272 1124 concessa
1289 1073 1369 1124 curn
1389 1049 1555 1125 omnibus
1566 1072 1637 1148 qne
1653 1051 1872 1126 continentur
1888 1055 1927 1128 in
1946 1055 2047 1152 ipsis,

644 1175 837 1251 secundum
854 1173 952 1274 quod
970 1193 1012 1250 ea
1028 1173 1145 1248 omnia
1158 1173 1370 1271 temporibus
1384 1175 1538 1274 ipsorum
1558 1174 1841 1271 predecessorum
1856 1185 2050 1252 nostrorum

646 1306 681 1374 ct
703 1319 814 1394 usque
840 1299 886 1373 sd
907 1297 973 1372 hec
996 1297 1107 1372 felicis
1131 1309 1284 1394 tempora
1307 1306 1424 1371 nostra
1448 1295 1569 1372 eadem
1595 1299 1741 1374 ecclesis
1766 1299 1859 1394 juste
1884 1303 1994 1376 tenuit
2015 1316 2051 1378 et

647 1422 817 1520 possedit,
838 1421 905 1495 sibi
922 1422 967 1497 de
982 1421 1092 1517 gratia
1110 1430 1226 1495 nostru
1252 1419 1419 1495 duximus
1440 1419 1694 1514 confirmandm
1719 1431 1906 1498 statuentes
1931 1436 1969 1500 et
1987 1425 2052 1500 im·

647 1547 767 1642 periali
780 1546 972 1620 sancientes
991 1545 1104 1621 edicto
1116 1555 1288 1640 quatenus
1308 1545 1403 1616 nulla
1420 1545 1561 1618 omniuo
1581 1565 1728 1641 persona
1741 1547 1811 1620 alta
1824 1548 1880 1621 vel
1896 1549 2049 1638 humilis,
2158 1614 2163 1622 .

647 1671 877 1744 ecclesiastica
900 1669 957 1742 vel
977 1669 1156 1760 secularis,
1181 1668 1362 1742 ecclesiam
1383 1667 1636 1756 vivariensem,
1665 1669 1866 1768 episcopum
1893 1673 1952 1745 vel
1977 1675 2054 1766 ejus

647 1815 861 1866 successores
880 1801 997 1866 contra
1014 1793 1118 1888 hujus
1136 1791 1401 1866 confirmationis
1425 1802 1540 1868 nostre
1563 1802 1739 1882 tenorem,
1763 1795 1881 1891 aliquo
1901 1805 2055 1894 tempore

649 1915 871 2006 adveniente,
893 1937 981 1989 ausu
1005 1917 1184 1990 temerario
1209 1938 1314 2012 super
1333 1915 1388 1988 his
1413 1917 1574 1990 omnibus
1601 1917 1766 2014 impetere
1788 1918 1846 1992 vel
1863 1919 2055 2014 inquietare

649 2049 836 2135 presumat.
851 2039 951 2128 Quod
966 2039 1028 2135 qui
1046 2041 1132 2112 forte
1148 2041 1409 2136 presumpserit,
1436 2050 1550 2137 preter
1564 2041 1837 2136 indignationem
1853 2044 1960 2116 nostri
1978 2045 2054 2117 cul·

653 2164 756 2237 minis
770 2185 875 2259 quam
895 2163 1057 2254 incurret,
1078 2163 1282 2236 Llibrarum
1297 2165 1374 2236 euri
1393 2165 1472 2260 puri
1488 2185 1578 2260 pens
1595 2166 1775 2260 plectetur,
1791 2165 1975 2240 medietate
1988 2168 2055 2262 ipsi

652 2309 788 2362 camere
811 2296 926 2360 nostre
947 2293 981 2360 et
995 2285 1128 2381 relique
1144 2287 1328 2361 medietate
1345 2288 1433 2384 perti
1449 2308 1552 2383 passe
1575 2287 1736 2382 injurium
1755 2287 1993 2384 persolvenda.
2012 2292 2058 2363 llt

653 2419 768 2484 sutem
783 2409 847 2484 heu
858 2419 973 2484 nostra
988 2411 1201 2486 confirmatio
1214 2410 1322 2486 robur
1339 2410 1492 2484 obtineat
1514 2421 1678 2508 perpetue
1700 2409 1891 2502 firmitatis,
1916 2433 2058 2508 presens

652 2536 872 2632 privilegium
890 2534 961 2609 lieri
979 2543 1013 2608 et
1026 2535 1119 2608 bulla
1134 2553 1240 2608 cures
1253 2535 1388 2630 typario
1399 2535 1453 2630 (u)
1468 2545 1586 2609 nostre
1598 2536 1787 2629 mejestatis
1803 2536 1970 2632 impressa
1981 2539 2060 2630 jus-

653 2660 764 2734 simus
779 2657 995 2730 communiri.

703 2785 814 2877 llujcs
828 2781 878 2854 rei
896 2791 998 2854 testes
1010 2790 1092 2854 sunt
1107 2808 1117 2854 r
1135 2781 1354 2858 Treverensis
1369 2782 1668 2879 archiepiscopus,
1691 2783 1771 2856 dux
1783 2783 1928 2858 Bavurie
1945 2804 2060 2856 comes

656 2907 826 3004 palatinus
843 2905 941 2995 lieni,
960 2905 1034 2977 dux
1052 2905 1286 2997 Lotharingie,
1304 2905 1379 2978 dux
1392 2905 1592 2996 Brabantie,
1610 2905 1687 2978 dux
1703 2905 1750 2980 de
1764 2907 1947 3002 Limburg,
1968 2929 2060 2980 mur·

657 3031 735 3105 chio
756 3029 801 3104 de
822 3027 957 3118 Beden,
983 3029 1190 3123 burgravius
1209 3031 1255 3102 de
1273 3029 1502 3121 Nuremberc,
1519 3029 1560 3102 lt.
1582 3049 1696 3104 comes
1717 3029 1922 3122 Tolosanns,
1946 3029 1990 3104 A.
2015 3030 2064 3104 de

656 3155 808 3230 Pictaviu
832 3175 945 3227 onmes
968 3151 1237 3246 Valentinensis,
1260 3153 1302 3225 G.
1325 3151 1370 3226 de
1389 3151 1602 3245 Borguvius,
1622 3149 1662 3225 Α.
1689 3149 1832 3248 diuum,
1855 3155 1899 3226 v.
1924 3151 1970 3228 de
1990 3153 2063 3226 Bs-

659 3289 759 3354 vasta
773 3279 831 3376 (l),
846 3279 890 3352 V.
907 3277 951 3352 de
965 3278 1088 3366 Navis,
1107 3286 1141 3351 et
1160 3275 1218 3350 elii
1231 3277 1466 3372 quamplures.

708 3405 853 3496 Signum
871 3401 1002 3476 domini
1016 3399 1196 3489 Friderici,
1210 3399 1274 3475 Dei
1294 3401 1404 3496 gratia
1425 3399 1639 3473 invictissimi
1657 3399 1890 3474 Romanorum
1914 3401 2063 3498 impera·

660 3525 743 3600 toris
761 3547 895 3622 semper
909 3525 1059 3619 augusti,
1077 3525 1264 3598 Jerusalem
1282 3535 1318 3598 st
1340 3525 1454 3598 Sicilie
1472 3523 1564 3618 regis
1583 3523 1772 3619 magnifici.

710 3649 794 3724 Acta
806 3661 887 3723 sunt
898 3643 988 3747 [hec]
998 3667 1088 3721 sunu
1100 3645 1272 3721 dominice
1282 3647 1524 3720 iucarnationis
1536 3645 2060 3741 lllCCXXXV,mensojanuarii,

661 3777 709 3850 tx
734 3775 952 3867 indictionis,
973 3773 1163 3870 imperante
1181 3771 1322 3848 domiuo
1340 3781 1456 3846 nostro
1472 3771 1665 3866 Friderico,
1685 3771 1750 3844 Dei
1767 3773 1878 3868 gratia
1902 3771 2065 3846 invictis-

662 3901 749 3974 simo
766 3901 998 3973 Romanorum
1013 3899 1214 3994 imperatore
1237 3919 1373 3992 semper
1394 3903 1558 3992 augusto,
1577 3895 1762 3970 Jerusalem
1782 3907 1817 3969 et
1833 3896 1949 3969 Sicilie
1963 3916 2064 3989 rege,

663 4043 754 4096 suno
772 4021 904 4118 imperii
923 4023 999 4118 ejus
1015 4019 1107 4114 XVI,
1122 4021 1221 4116 regni
1235 4019 1420 4094 Jerusalem
1437 4019 1484 4111 X,
1497 4019 1597 4113 regni
1608 4039 1693 4093 veru
1703 4019 1820 4092 Sicilie
1833 4018 1990 4093 mvn
2002 4017 2065 4116 (c),

663 4145 817 4220 feliciter.
837 4144 960 4218 Amen.

710 4269 834 4344 Datum
852 4265 948 4365 apud
961 4269 1140 4361 Hagencu,
1158 4289 1265 4358 enno,
1286 4285 1405 4340 menso
1419 4277 1454 4339 et
1468 4265 1656 4340 indictione
1670 4265 1878 4363 prescriptis.

706 4391 748 4474 (a)
769 4393 805 4455 ln
817 4395 967 4472 impressts
983 4397 1129 4471 tympano,
1144 4389 1232 4452 nrcls.

705 4497 747 4581 (t)
768 4499 814 4563 Gt.
833 4501 955 4562 nomlns
971 4513 1049 4578 quse
1068 4499 1101 4560 lu
1119 4497 1311 4576 pruscsdsnts
1326 4496 1494 4577 prtrllsglo,
1515 4513 1548 4575 p.
1572 4505 1649 4573 sot,
1671 4498 1787 4564 diverse
1806 4498 1895 4560 strum
1913 4503 1945 4558 st
1962 4497 2071 4558 rectio

662 4623 701 4670 ux
778 4613 878 4668 cumr.

702 4607 841 4793 &mm
854 4719 940 4774 notes
957 4725 1024 4774 cum
1042 4709 1233 4789 praelaudato
1248 4709 1403 4788 prlvllsglo
1421 4723 1483 4772 non
1499 4709 1690 4774 concordent.
1705 4709 1796 4773 llscts
1808 4717 1925 4785 umen,
1945 4711 1972 4769 sl
1989 4715 2074 4770 tem-

662 4837 734 4900 purs
747 4819 972 4899 sompursvuts,
986 4818 1028 4877 lts
1041 4822 1137 4878 esseut
1151 4834 1159 4876 ε
1174 4832 1254 4877 uoco
1265 4815 1365 4896 imper.
1385 4813 1466 4894 XVI,
1479 4831 1564 4896 reos.
1574 4816 1672 4878 leno.
1687 4815 1743 4894 11,
1756 4811 1837 4878 sicit
1855 4814 1942 4878 m
1944 4813 2023 4878 vm.
