4859 6359
434 786 533 848 rme.
549 783 597 861 a]
882 779 1079 843 ursronrn
1101 778 1394 842 nrrnouarrcn
1782 778 1843 843 saa

432 915 697 1011 benbergensis,
725 916 762 986 S.
793 912 1049 1009 Ratisponensis
1076 914 1263 1009 imperiahs
1288 913 1368 985 aule
1393 911 1636 1000 cancellarius,
1664 913 1705 985 ll.
1733 912 1841 986 Pata-

432 1042 582 1132 viensis‚
610 1039 648 1110 C.
681 1037 909 1131 Frisingensis
946 1046 982 1109 et
1008 1038 1051 1109 ll.
1082 1038 1316 1111 Seccowensis
1345 1036 1519 1131 episcopi,
1542 1036 1585 1107 Η.
1614 1035 1766 1110 marchio
1793 1036 1839 1111 de

431 1165 568 1255 Baden,
585 1164 628 1235 Η.
650 1182 766 1235 comes
788 1161 965 1250 Senonum,
988 1159 1026 1236 G.
1045 1160 1273 1234 burchravius
1295 1159 1340 1233 de
1361 1159 1580 1251 Nnrnherch,
1609 1159 1647 1231 C.
1675 1160 1838 1255 pincerna

433 1284 478 1357 de
493 1283 692 1354 Winterstet
708 1289 743 1351 et
755 1278 919 1351 Gerlacus
937 1277 983 1351 de
996 1279 1183 1373 Butingan‚
1201 1288 1237 1352 et
1253 1279 1312 1351 elii
1328 1280 1562 1373 quamplures.

480 1408 605 1479 Datum
630 1404 725 1501 apud
750 1404 895 1493 Werde,
927 1425 1019 1475 anno
1045 1402 1220 1477 dominice
1242 1403 1485 1476 incarnationis
1511 1403 1559 1475 Μ.
1574 1402 1636 1475 CC.
1651 1403 1836 1492 XXXVI,

431 1557 550 1609 mense
561 1533 654 1627 julii,
670 1554 762 1605 nona
775 1531 985 1605 indictionis.

653 1838 898 1851 --n--n-——o-
902 1834 1403 1845 mum—n.—
1408 1834 1488 1844 ——nnn
1496 1834 1620 1845 ..ι-...αι-

484 2099 716 2205 FridericnS,
735 2098 997 2181 Romanorum
1014 2096 1234 2205 imperator,
1256 2096 1456 2180 Gebhardo
1473 2098 1521 2179 de
1539 2098 1717 2181 Arnstein
1734 2125 1842 2181 nun-

431 2233 501 2315 tiat
527 2258 587 2338 se,
615 2232 702 2313 licet
733 2239 899 2340 quatuor
928 2229 1113 2312 exercitus
1144 2230 1185 2309 in
1213 2228 1406 2311 niustriam
1433 2230 1707 2335 transmiserit,
1737 2258 1840 2315 nuno

431 2391 520 2448 cnm
543 2365 710 2447 maximo
726 2372 923 2471 potentmu
940 2387 1072 2444 versus
1089 2361 1237 2444 Italiam
1256 2360 1306 2443 ab
1325 2362 1499 2472 Augusta
1516 2372 1640 2445 castra
1658 2389 1727 2446 sua
1746 2390 1839 2447 mo-

431 2524 532 2606 vere,
551 2499 802 2605 hortaturque
820 2496 921 2577 utin
942 2521 1012 2579 suo
1032 2495 1183 2579 servitio
1200 2494 1447 2579 confortetur.

512 2724 634 2803 (laedit.
655 2742 694 2785 ax
711 2724 813 2785 codlce
826 2725 941 2785 Musaei
959 2724 1092 2784 Britann.
1112 2722 1271 2783 llarlelano
1293 2731 1386 2801 aare,
1407 2722 1456 2783 iol.
1478 2732 1512 2783 21
1534 2727 1724 2801 rectoratus
1740 2726 1839 2787 docu-

549 2832 642 2891 mena
661 2830 863 2908 apographum
882 2832 931 2889 vlr
943 2830 1077 2908 egreglus
1091 2828 1133 2889 M.
1150 2830 1268 2903 Amori,
1288 2845 1381 2905 nuper
1398 2829 1436 2889 ab
1454 2828 1564 2907 Anglla
1582 2846 1732 2909 reversus,
1751 2831 1838 2893 nobls

552 2934 685 3013 detulit.)

478 3129 551 3215 ln,
570 3126 632 3199 Dei
650 3126 761 3220 gratia
778 3126 1010 3197 Romanorum
1032 3125 1216 3219 imperator
1238 3147 1373 3221 semper
1391 3136 1575 3219 augustus,
1598 3130 1785 3203 Jerusalem
1802 3141 1838 3205 et

431 3250 544 3323 Sicilie
570 3272 652 3341 rex,
682 3248 864 3322 Gahoardo
892 3246 937 3320 de
959 3248 1146 3320 llamesten
1176 3247 1271 3321 fideli
1297 3270 1360 3321 suo
1389 3250 1532 3343 gratiam
1556 3262 1710 3325 suamet
1734 3274 1836 3329 omne

430 3375 574 3447 honum.
595 3374 725 3445 llariter
747 3381 782 3445 et
802 3372 951 3464 benigne
970 3371 1162 3465 recepimus
1183 3381 1242 3443 tue
1260 3372 1453 3445 devotionis
1477 3374 1605 3447 litteras
1627 3386 1742 3450 nostro
1764 3381 1836 3451 cul·

430 3497 515 3567 mini
539 3497 726 3570 destinatas
752 3504 788 3567 et
815 3516 933 3567 earum
960 3503 1112 3566 tenorem
1134 3495 1369 3567 intelleximus
1396 3496 1576 3591 diligenter
1596 3500 1693 3592 qnod
1722 3504 1836 3575 conti-

430 3622 578 3694 nebatur
592 3622 629 3691 in
644 3621 696 3693 eis
710 3639 848 3691 rumore
861 3628 961 3689 tenus
977 3618 1047 3691 dici
1062 3640 1125 3711 per
1142 3618 1384 3691 lombardiam
1404 3621 1498 3713 qnod
1514 3622 1603 3695 lacta
1619 3622 1758 3698 Austris
1774 3648 1837 3700 nos

431 3746 581 3819 debeant
595 3744 821 3840 personaliter
833 3743 995 3814 retinere.
1008 3743 1152 3815 Noveris
1169 3753 1205 3814 et
1218 3743 1307 3814 scire
1323 3744 1428 3815 iacias
1439 3745 1619 3819 universos
1635 3748 1837 3841 quodlicet

429 3871 489 3943 llll
520 3870 693 3945 exercitus
718 3866 995 3941 ordinaverimus
1021 3867 1058 3937 in
1079 3864 1253 3937 Austriam
1282 3868 1565 3960 transmittentes,
1593 3870 1835 3948 nichilominus

431 4015 509 4065 cum
531 3994 685 4066 maximo
702 4000 881 4088 potentatu
899 3990 957 4063 die
974 3990 1111 4063 veneris
1127 3990 1175 4061 Xl
1193 3990 1322 4062 mensis
1337 3992 1503 4085 presentis
1518 3994 1597 4084 julii
1615 3996 1660 4067 ab
1678 3994 1835 4091 Augusta

431 4138 610 4189 movemus
628 4117 771 4189 feliciter
797 4125 908 4189 castra
932 4123 1066 4205 nostra,
1091 4134 1211 4185 versus
1235 4114 1365 4185 ltaliam
1391 4116 1548 4188 lelicihus
1570 4118 1733 4212 auspiciis
1755 4144 1834 4215 pro·

429 4250 598 4333 perantes.
621 4240 716 4313 Scias
735 4240 876 4333 insuper
898 4239 993 4331 qnod
1009 4258 1072 4332 pro
1085 4237 1295 4309 exercitibus
1311 4237 1425 4309 missis
1441 4238 1477 4309 in
1494 4238 1681 4327 Austriam,
1701 4244 1832 4317 nedum

428 4364 523 4457 quod
550 4364 739 4435 minoratus
767 4363 813 4433 sit
838 4383 1018 4435 numerus.
1034 4361 1180 4431 militum
1206 4381 1287 4431 oum
1312 4360 1439 4453 quihus
1466 4359 1570 4456 Alpes
1597 4364 1832 4458 disposuimus

428 4508 590 4582 prospera
606 4496 698 4559 sorte
714 4487 875 4577 transire,
893 4487 998 4557 immo
1014 4484 1134 4578 pocius
1158 4484 1283 4575 crevit,
1308 4492 1347 4555 ut
1365 4492 1481 4578 pateat
1505 4486 1677 4559 universis
1701 4498 1831 4565 tantam

427 4610 562 4704 imperii
586 4590 663 4683 esse
681 4612 865 4705 potentiam
888 4607 984 4703 qnod
1007 4606 1161 4679 diversos
1178 4608 1353 4679 exercitus
1375 4609 1488 4681 facere
1510 4630 1693 4704 possumus
1715 4622 1750 4686 et
1767 4616 1830 4689 ha·

427 4732 520 4805 here.
530 4735 580 4804 Tu
598 4734 703 4826 igitur
716 4755 795 4806 cum
808 4732 973 4828 premissa
986 4731 1133 4801 militnm
1148 4730 1310 4801 comitiva
1325 4730 1360 4799 in
1372 4738 1487 4804 nostro
1502 4732 1648 4806 servicio
1662 4738 1828 4813 consorte·

427 4852 474 4923 ris
484 4862 519 4925 et
531 4852 714 4946 etiamque
724 4862 878 4927 nostrum
894 4861 929 4925 et
944 4850 1079 4945 imperii
1095 4849 1259 4921 honorem
1275 4846 1335 4947 [et]
1351 4851 1592 4925 exaltationem
1605 4870 1830 4949 promoveant

507 4974 670 5038 IV-an
1616 4986 1667 5038 1ss

1926 2097 1991 2153 Apud

1891 2150 2022 2203 Aegusam.

1909 2206 1934 2248 u
1946 2206 2008 2259 suu
