4859 6359
396 849 496 910 lenter.
511 847 557 924 6.]
845 840 1047 903 HISTORIA
1065 835 1363 901 oistonsstcs.
1592 863 1596 869 ·
1749 832 1811 895 589

394 980 500 1055 riensi
526 976 695 1052 duximus
723 972 1008 1049 confirmandam.
1029 972 1234 1047 Maudautas
1250 979 1286 1044 et
1308 969 1377 1043 sub
1402 965 1679 1041 interminatione
1700 967 1811 1063 gratie

396 1111 512 1177 nostre
535 1099 690 1175 districte
707 1096 937 1194 precipientes
954 1097 1106 1171 utnulla
1123 1115 1291 1191 umquam
1318 1112 1465 1189 persona
1483 1089 1625 1163 humilis
1646 1090 1704 1163 rel
1722 1091 1806 1181 alta,

395 1222 700 1300 ecclesiastiea‘rel
716 1220 907 1308 mundana,
929 1221 1012 1293 huie
1029 1217 1280 1295 oouiirmationi
1302 1224 1420 1291 nostre
1433 1215 1492 1289 vei
1513 1214 1689 1289 donationi
1705 1222 1809 1289 aute-

394 1352 464 1423 iete
480 1347 651 1422 eontraire
674 1346 803 1421 audeat
820 1354 882 1418 aut
901 1366 978 1419 eam
995 1344 1113 1439 aliquo
1136 1350 1313 1439 presumat
1336 1339 1478 1437 iugenio
1499 1337 1685 1411 infirmare.
1704 1335 1809 1423 Quod

393 1474 455 1568 qui
472 1474 585 1546 lasere
598 1468 864 1567 presumpserit,
887 1468 1130 1563 omnipotentis
1152 1466 1214 1541 Dei
1236 1464 1510 1561 indignationem
1528 1472 1712 1559 nostreque
1733 1462 1809 1537 eal·

394 1596 556 1671 situdinis
572 1595 812 1691 gravissimam
830 1592 995 1667 offensam
1014 1614 1052 1667 so
1071 1592 1206 1665 noverit
1223 1592 1458 1665 incursurum.

443 1722 560 1793 Testes
576 1720 625 1793 hii
637 1729 719 1793 sont
739 1744 749 1791 ε
768 1720 813 1790 ll.
830 1716 983 1792 marchio
1002 1714 1049 1791 de
1064 1715 1203 1808 Badera,
1223 1737 1339 1789 eomes
1353 1713 1533 1787 Heinrious
1547 1712 1593 1787 de
1606 1711 1805 1802 Ortauberc,

393 1844 586 1919 Friderieus
615 1844 661 1918 da
685 1842 974 1937 l'rubendingen,
1001 1841 1042 1913 Ε.
1068 1839 1202 1937 dapifer
1227 1839 1273 1915 da
1293 1839 1481 1937 Walpuro,
1501 1838 1540 1911 C.
1569 1837 1735 1933 pinoerna
1759 1834 1806 1909 de

395 1970 645 2061 Wintarstetin,
664 1967 826 2041 Albertus
850 1967 1094 2057 ltiudsmulus‚
1115 1968 1152 2038 L.
1171 1974 1206 2039 et
1221 1967 1260 2037 L.
1281 1966 1403 2038 iratres
1424 1963 1470 2037 de
1490 1961 1715 2050 Gdudducb,
1737 1961 1806 2032 Lu-

394 2094 553 2168 dewious
576 2092 622 2167 de
644 2092 806 2188 Schipsse
828 2088 1032 2187 (Sohiplle),
1058 2086 1280 2163 Eberhardus
1304 2088 1351 2162 de
1377 2086 1674 2181 Hertiugisperge,
1700 2083 1804 2156 Heiu-

394 2219 487 2291 rieus
506 2216 680 2313 Spiserius
700 2215 746 2289 de
766 2215 985 2309 Giselingen,
1011 2213 1193 2286 Dietberus
1215 2211 1263 2285 de
1288 2212 1395 2307 Egra,
1415 2208 1621 2305 liudegerus
1643 2207 1689 2281 de
1707 2206 1804 2281 Wol-

394 2341 523 2439 prauds
545 2340 719 2432 hostiarii,
737 2348 773 2413 et
787 2338 846 2411 alii
863 2337 1100 2433 quamplures.

440 2466 565 2539 Actum
582 2464 679 2562 apud
696 2462 932 2551 Nuorenbero‚
954 2482 1047 2533 auno
1073 2459 1247 2534 dominice
1269 2457 1513 2532 incarnationis
1531 2454 1712 2529 millesimo
1734 2452 1803 2527 du·

393 2590 579 2665 oentesimo
595 2588 745 2673 XXXII,
767 2584 1045 2683 quartodecimo
1063 2582 1230 2658 kalendas
1244 2582 1460 2675 novembris,
1477 2580 1665 2655 indictione
1686 2586 1798 2652 sexta.

1438 2880 1582 2894 “m

443 3146 648 3256 Henricus,
666 3147 925 3232 Romanorum
944 3174 1031 3257 rex,
1052 3148 1181 3233 abbati
1199 3157 1237 3232 et
1254 3148 1454 3233 eonventui
1472 3148 1521 3231 de
1539 3146 1802 3259 Creutzlingeu
1843 3166 1990 3276 hqd,

388 3282 492 3391 apud
511 3281 772 3365 Constantiam
798 3282 984 3391 promittit
1005 3282 1111 3393 quod
1128 3307 1329 3392 nunquam
1350 3281 1462 3364 villas
1482 3307 1617 3365 eorum
1642 3282 1801 3365 Hirslatt
1842 3275 1871 3317 ²⁸
1883 3278 1933 3318 “²⁰
1948 3277 1987 3319 ‘¹²

389 3420 427 3495 et
453 3413 683 3525 Horgunzell
702 3423 741 3497 at
757 3414 834 3497 alia
859 3414 962 3499 bona
987 3412 1159 3525 ejusdem
1176 3413 1356 3497 ecelesiae
1377 3414 1558 3498 alienabit
1586 3414 1646 3497 vel
1673 3414 1801 3499 adro·-

389 3544 528 3629 oetiam
546 3574 570 3629 a
587 3572 658 3631 suo
675 3547 847 3631 dominio
865 3547 1129 3657 sequestrabit.

470 3762 636 3836 (luedttum
649 3778 688 3825 ax
701 3765 786 3842 eopia
799 3780 889 3843 quana
902 3762 988 3825 nobis
1004 3762 1162 3825 llberullter
1177 3764 1472 3825 communicauerunt
1490 3764 1599 3841 egregii
1610 3764 1669 3823 rtrl
1687 3763 1800 3826 Staelin

508 3874 539 3929 et
558 3868 694 3945 Xnuslen
709 3886 837 3947 quorum
858 3886 937 3933 unus
955 3866 1219 3949 Wirtembarpiacle
1243 3867 1417 3944 Gercliclta,
1437 3870 1512 3930 alter
1539 3866 1801 3952 Wartemberpr'rcla

512 3970 815 4053 Urlaudenbeciparl
829 3978 927 4038 studto
941 3977 1103 4038 tutandam
1116 3978 1230 4055 petrtaa
1247 3993 1318 4038 suae
1330 3977 1495 4037 ediderunt.
1512 3976 1659 4037 Insertum
1674 3976 1800 4039 babetur

508 4078 566 4141 boe
578 4080 819 4158 dlplomalltterls
830 4083 958 4145 conradi
970 4084 1001 4143 ll
1010 4082 1173 4145 suevorum
1187 4084 1287 4157 dueta,
1302 4099 1380 4144 anuo
1396 4090 1486 4157 1267,
1498 4081 1526 4143 V
1539 4082 1600 4143 kal.
1616 4082 1705 4157 febr„
1720 4085 1797 4145 Con·

508 4187 633 4247 sannae
653 4186 794 4249 exhibitis
815 4192 846 4249 el
864 4190 897 4249 tn
916 4188 1036 4250 arobiro
1055 4188 1288 4267 Crurellngensls
1305 4190 1474 4250 monasterii
1494 4192 1662 4250 mantis.
1680 4190 1796 4251 Merno-

505 4296 604 4352 retum
623 4298 653 4353 et
666 4297 805 4370 mnam„
817 4294 870 4356 sed
882 4296 981 4357 mtuus
994 4302 1088 4371 reete,
1100 4312 1149 4374 ap.
1164 4297 1357 4371 Purrxorun,
1371 4294 1484 4375 chert.
1498 4292 1547 4356 dar
1560 4294 1662 4375 Stptra
1674 4296 1792 4357 Kreur-

507 4392 615 4479 lapan,
629 4414 661 4476 p.
677 4407 709 4475 e,
720 4407 754 4461 n·
767 4408 817 4473 st,
831 4416 903 4463 anu.
918 4399 1020 4480 nese.)

434 4583 601 4658 Haurious
619 4586 798 4683 septimus,
818 4586 939 4662 divina
953 4588 1089 4662 favente
1102 4587 1284 4661 clementia
1300 4589 1530 4662 Romanorum
1537 4610 1601 4661 rex
1609 4597 1644 4661 et
1660 4610 1796 4687 semper

387 4720 569 4801 augustus.
586 4710 622 4783 Si
641 4710 822 4785 eommodo
844 4720 879 4785 et
895 4712 1100 4808 promotioni
1119 4712 1341 4785 ecclesiarum
1367 4712 1430 4786 Dei
1453 4722 1488 4786 et
1507 4712 1709 4787 nominatim
1727 4736 1795 4788 ea-

386 4855 543 4929 rumque
561 4834 597 4907 iu
613 4846 729 4911 nostro
743 4847 824 4911 sunt
839 4838 1044 4934 patrimonio
1061 4840 1266 4932 constitute,
1284 4839 1534 4913 intenderimus
1552 4862 1632 4914 cum
1649 4842 1793 4932 ellectu,

385 4955 496 5029 Deum
522 4968 709 5035 mentorem
734 4970 890 5035 nostrum
908 4960 1054 5057 proinde
1071 4963 1171 5036 uobis
1187 4984 1257 5036 nou
1275 4963 1486 5057 ambigimus
1504 4964 1635 5061 premia
1656 4962 1795 5058 elargiri
