4859 6359
589 761 652 823 ott
1110 763 1286 824 llllllllllGl
1313 761 1482 822 snttttss
1809 762 1888 840 [llum
1908 762 1993 824 lbet.

591 897 735 988 certius,
764 897 848 971 bora
866 921 951 972 vero
969 901 1090 973 mortis
1114 900 1200 971 nihil
1219 899 1399 987 incertius,
1418 919 1482 970 noe
1501 899 1580 992 plus
1600 907 1869 992 expavescentes
1888 899 1998 994 ipsine

590 1019 674 1092 hore
690 1022 968 1097 incertitudinem
984 1046 1090 1118 quam
1104 1023 1214 1118 ipsius
1229 1023 1347 1094 mortio
1363 1021 1619 1112 certitudinem,
1639 1043 1703 1116 pro
1716 1023 1870 1096 remedio
1883 1023 1998 1097 anime

590 1154 705 1218 nostre
718 1155 753 1218 et
770 1148 1024 1241 progenitorum
1041 1156 1235 1220 nostrorum
1252 1147 1460 1218 contulimus
1483 1146 1602 1218 domni
1622 1146 1737 1218 Suncti
1753 1147 1871 1219 Lazari
1888 1149 1997 1221 ecole-

588 1268 676 1341 siam
694 1279 844 1342 nostram
859 1271 1065 1366 Meyringen
1083 1271 1184 1344 sitam
1203 1271 1239 1341 in
1258 1269 1413 1342 terminis
1426 1269 1627 1364 Burgundio
1647 1269 1684 1341 in
1704 1271 1779 1343 loco
1792 1269 1853 1365 qui
1871 1271 1997 1344 dicitur

589 1393 768 1485 llasiltbal,
785 1416 865 1467 cnm
879 1398 958 1489 jure
970 1405 1170 1491 patronatus
1182 1394 1323 1468 ecclesie
1336 1393 1492 1487 ejusdem
1508 1403 1543 1465 et
1559 1394 1653 1466 omni
1666 1393 1822 1466 libertate
1832 1404 1997 1490 perpetuo

588 1515 855 1612 possidendam
875 1521 1032 1593 volentes
1048 1529 1090 1591 ut
1104 1519 1268 1594 defuncto
1279 1518 1427 1612 plebano
1441 1517 1596 1610 ejusdem
1609 1518 1753 1591 ecclesie
1763 1517 1938 1592 burcardo
1951 1519 1997 1592 de

588 1641 835 1737 Ueberlingen,
865 1645 985 1716 fratres
1006 1643 1117 1740 ipsius
1144 1643 1269 1716 domus
1293 1642 1405 1738 ipsam
1430 1641 1609 1716 ecclesiam
1635 1642 1672 1714 in
1689 1663 1775 1716 usus
1796 1643 1939 1715 fratrum
1961 1653 1997 1716 et

587 1786 780 1860 pauperum
805 1765 931 1840 domus
955 1776 1132 1863 prenotate
1149 1767 1308 1860 redigant
1334 1777 1368 1841 et
1390 1775 1610 1858 convertent3
1636 1767 1805 1862 qnoniam
1832 1765 1995 1840 desiderii

587 1891 694 1964 nostri
712 1901 766 1964 est
786 1891 945 1965 eamdem
965 1893 1107 1967 domum
1129 1892 1336 1985 largioribus
1356 1901 1392 1965 et
1409 1891 1626 1964 uberioribus
1643 1889 1820 1965 beneficiis
1837 1891 1991 1964 dilatem.

586 2015 794 2088 Mendemns
809 2017 915 2111 igitur
929 2026 965 2089 et
981 2017 1049 2089 sub
1064 2018 1340 2090 interminatione
1353 2017 1461 2110 gratie
1474 2025 1588 2088 nostre
1605 2023 1640 2088 et
1651 2015 1788 2110 imperii
1803 2015 1995 2089 firmissime

587 2141 797 2235 precipimus
808 2149 847 2213 nt
860 2142 955 2213 nulla
967 2141 1012 2212 sit
1024 2143 1168 2214 omnino
1181 2161 1327 2236 persona
1340 2140 1569 2214 ecclesiastica
1580 2140 1636 2212 vel
1648 2139 1842 2229 mundane,
1855 2139 1925 2212 elta
1939 2141 1994 2212 vel

587 2263 745 2355 bnmilis,
765 2286 835 2357 qno
850 2264 934 2337 hnic
950 2274 1065 2339 nostre
1083 2265 1262 2339 donationi
1278 2264 1406 2338 audeat
1420 2265 1562 2338 obviare
1578 2265 1634 2337 vel
1648 2265 1760 2360 ipsam
1776 2263 1922 2355 alicujus
1942 2263 1994 2354 in-

587 2389 681 2483 genii
705 2391 867 2485 scrupulo
890 2389 1076 2463 infirmare.
1106 2391 1208 2476 Quod
1226 2391 1287 2485 qui
1314 2391 1430 2464 fecerit
1454 2388 1728 2484 indignationem
1752 2389 1996 2482 omnipotentis

585 2512 649 2586 Dei
662 2523 847 2609 nostreque
866 2514 1053 2607 mejestatis
1077 2513 1243 2588 offensem
1268 2535 1306 2587 se
1333 2514 1419 2587 solat
1436 2515 1578 2608 gravius
1601 2513 1798 2586 incurrisse.
1818 2511 1874 2586 Ad
1891 2513 1995 2604 bujus

586 2636 704 2731 iluqne
717 2637 797 2710 lecti
809 2639 1019 2712 evidentiam
1039 2647 1075 2711 et
1089 2639 1195 2712 robur
1212 2647 1379 2734 perpetuo
1394 2638 1598 2729 valiturum,
1622 2657 1763 2733 presens
1777 2636 1995 2732 privilegium

584 2761 668 2857 ipsis
685 2762 849 2834 iratribus
864 2763 1076 2836 indulsimus
1092 2763 1195 2858 sigilli
1213 2764 1320 2836 nostri
1335 2763 1528 2836 munimine
1541 2761 1803 2834 communitum.

632 2888 751 2960 Testes
777 2895 859 2960 sunt
880 2887 917 2959 bi
943 2885 1146 2982 :Sigtridus
1168 2886 1377 2961 venerabilis
1400 2885 1674 2981 llloguntinensis
1696 2885 1992 2980 archiepiscopus,

584 3012 791 3107 liggibertns
814 3013 1097 3104 Bambergonsis,
1126 3013 1343 3085 Hermannns
1359 3010 1614 3106 Herbipulensis
1638 3009 1808 3104 episcopi,
1830 3009 1995 3082 Henricns

586 3136 740 3209 marchio
758 3137 803 3210 de
816 3138 976 3231 Bergan,
993 3138 1165 3231 Repertus
1183 3157 1299 3211 comes
1312 3135 1358 3210 de
1377 3136 1504 3226 Castel,
1524 3134 1635 3228 Egino
1652 3153 1767 3206 comes
1781 3132 1990 3226 delribnrg,

587 3259 769 3333 Heinrions
784 3260 830 3333 de
844 3261 972 3352 Niden,
1001 3260 1192 3335 Gottlridns
1211 3261 1258 3334 de
1283 3259 1499 3350 llohenloch,
1528 3260 1606 3331 Otto
1623 3257 1668 3330 de
1682 3257 1880 3347 llberstein,
1906 3257 1995 3330 Con·

587 3383 694 3456 radus
708 3384 754 3457 de
766 3385 1046 3478 Tannenwerde,
1062 3387 1260 3458 Weltberns
1276 3387 1441 3481 pincerna
1460 3383 1505 3457 de
1521 3383 1698 3478 Limperg,
1726 3381 1904 3454 Conredus
1917 3382 1993 3476 pin-

589 3529 691 3580 cerne
707 3507 753 3580 do
765 3509 1039 3602 Winterstetten,
1057 3509 1236 3606 Lupoldns
1254 3519 1290 3582 et
1304 3507 1522 3583 Eberhardus
1532 3509 1652 3580 batres
1663 3505 1708 3579 de
1721 3504 1945 3596 Grindeleob,
1961 3515 1994 3578 et

586 3632 644 3703 alii
657 3633 890 3726 quamplures.

634 3753 759 3826 Actum
779 3754 877 3850 apud
904 3756 1137 3849 Nuremberg,
1162 3777 1254 3830 anno
1276 3755 1519 3829 incarnationis
1542 3753 1679 3826 Domini
1691 3752 1736 3826 lt.
1752 3751 1815 3824 CC.
1833 3751 1992 3840 xxxiv,

589 3874 859 3973 decimoquinto
873 3877 1268 3976 kalendasseptembris,
1291 3880 1478 3954 indictione
1492 3879 1649 3975 septima.

392 4679 478 4776 Ἢ
438 4626 502 4680 arr
638 4593 843 4697 Henricus,
872 4593 1133 4677 Romanorum
1154 4617 1241 4696 rex,
1267 4589 1444 4674 abbatem
1471 4600 1508 4672 et
1534 4588 1669 4672 fratres
1696 4587 1745 4670 de
1770 4583 1877 4668 Bnch
1900 4583 1992 4667 Cis-

529 4710 780 4813 terciensis
797 4726 943 4810 ordinis
960 4751 1050 4808 oum
1066 4725 1287 4808 hominibus
1308 4735 1345 4808 et
1366 4723 1477 4809 bonis
1503 4748 1637 4808 eorum
1665 4721 1737 4804 sub
1763 4717 1994 4868 protectione

587 4886 657 4944 suu
676 4859 852 4969 suscipit,
871 4858 1119 4968 indulgetque
1140 4867 1185 4942 ut
1200 4858 1392 4968 quidquid
1419 4883 1442 4940 a
1468 4881 1631 4966 persone
1656 4851 1834 4963 libere
1805 4877 1883 4936 siue
1909 4849 1992 4930 mi-
