4859 6359
617 780 678 843 918
1119 778 1334 843 ratbsslttcl
1359 780 1531 842 SllGlllllll
1841 782 1921 862 [Am.
1940 782 2026 847 1236.

617 916 758 1011 epistola
778 924 838 989 tua
854 915 1054 1011 responsiva
1071 916 1252 1009 conjicitur
1267 936 1337 1011 que
1353 914 1390 987 in
1406 916 1520 1012 seipsa
1537 915 1748 1010 quibusdam
1768 918 2029 1012 particularibus

618 1040 805 1114 verbaliter
828 1038 1070 1134 respondendo
1091 1039 1188 1135 quod
1213 1040 1251 1111 in
1275 1040 1450 1135 premissis
1475 1039 1599 1112 salsum
1623 1040 1775 1135 implicet
1795 1042 2025 1139 improbatum

619 1166 718 1258 cujus
733 1164 894 1260 pollicitis
909 1164 954 1237 de
970 1164 1202 1239 satisfactione
1216 1164 1404 1261 prestanda
1421 1164 1632 1260 quibusdam
1648 1166 1799 1239 ecclesiis
1811 1175 1847 1241 11
1859 1169 2025 1263 personis,

619 1290 710 1361 sicut
723 1289 775 1361 sic
787 1310 856 1362 non
875 1288 911 1360 in
929 1290 1173 1385 principio,sic
1187 1289 1224 1361 in
1242 1288 1312 1363 fine
1327 1310 1396 1362 uon
1414 1288 1672 1384 credimus,qui
1689 1290 1793 1363 simili
1807 1292 2030 1386 promissione

621 1413 758 1485 delusos
774 1412 947 1484 multoties
962 1434 1025 1485 nos
1042 1410 1212 1485 dolemus.
1231 1412 1377 1505 indigne
1389 1432 1473 1505 ergo
1488 1432 1593 1507 super
1604 1413 1884 1508 oppressionibus
1898 1414 2031 1510 predio-

620 1548 732 1609 tarum
756 1536 977 1609 ecclesiaram
996 1546 1033 1609 et
1055 1537 1235 1611 bominum
1257 1536 1356 1630 regni
1378 1536 1414 1607 in
1437 1556 1508 1631 quo
1527 1536 1645 1609 nullus
1667 1558 1808 1609 manum
1831 1537 1887 1609 vel
1907 1537 2030 1633 pedem

620 1662 753 1755 absque
776 1669 836 1732 tuo
862 1670 978 1733 movet
1004 1660 1164 1755 imperio,
1193 1658 1432 1733 affirmativam
1459 1668 1575 1732 nostre
1602 1658 1846 1755 pmpositiunis
1869 1660 2031 1753 negativa

621 1785 812 1879 ignorantie
825 1782 1012 1879 imperialis
1022 1783 1201 1875 interimis,
1212 1782 1341 1879 quibus
1358 1804 1564 1855 consensum
1575 1784 1632 1855 vel
1647 1784 1816 1877 originem
1828 1784 2029 1879 prestitisse,

622 1932 702 1982 cum
719 1909 850 1980 nuntiis
866 1917 902 1979 et
919 1908 1024 1979 literis
1041 1908 1237 2003 apostolicis
1255 1928 1296 1981 ac
1313 1906 1522 1981 clamoribus
1539 1927 1716 2003 passorum
1735 1907 1877 2000 iujurias
1891 1928 1951 1981 eas
1964 1907 2033 1979 tuis

621 2034 765 2107 auribus
788 2032 918 2129 pluries
942 2032 1130 2105 inculcatas
1156 2054 1229 2105 non
1259 2033 1371 2105 solum
1398 2032 1503 2123 scire,
1532 2030 1596 2105 sed
1622 2031 1724 2105 etiam
1751 2032 1853 2127 plene
1880 2030 2032 2127 potueris

623 2156 827 2244 emendare,
848 2155 991 2227 minime
1005 2154 1188 2229 dubitaris.
1205 2154 1309 2242 Quod
1328 2177 1375 2228 ex
1389 2155 1447 2229 illo
1462 2165 1599 2229 tuarum
1612 2134 1801 2227 litterarum
1817 2164 1937 2227 tenore
1951 2174 2032 2226 ma-

624 2281 748 2353 nifeste
761 2279 945 2374 colligitur,
954 2279 1016 2373 qui
1030 2300 1092 2375 pro
1104 2280 1235 2373 jurium
1251 2280 1511 2353 conservatione
1526 2287 1665 2352 tuorum
1677 2286 1711 2351 te
1723 2278 1889 2351 nonnulla
1902 2278 2033 2349 immn-

625 2414 716 2477 tasse
728 2403 817 2476 circa
832 2402 995 2475 ecclesias
1010 2412 1046 2475 et
1063 2403 1125 2475 tibi
1135 2425 1240 2499 snpsr
1249 2424 1319 2477 non
1327 2404 1539 2477 restituenda
1550 2402 1602 2477 eis
1612 2403 1825 2499 possessione
1836 2402 1951 2475 ablata
1959 2422 2034 2475 nos
2065 2374 2077 2393 ⁸

624 2538 716 2601 trum
728 2528 766 2599 in
779 2528 868 2601 lacto
883 2526 1031 2600 1111111111
1046 2526 1188 2601 Castelle
1202 2528 1385 2623 sulbagmi
1399 2527 1632 2622 magisterium
1645 2526 1711 2625 (l),
1723 2526 1929 2621 suffragatur
1941 2524 2031 2622 (sic),

626 2674 706 2725 cum
727 2652 764 2723 in
784 2673 888 2724 causa
908 2661 966 2724 tua
984 2652 1170 2747 superioris
1186 2652 1349 2726 debueris
1363 2652 1553 2747 experiisse
1573 2662 1609 2725 et
1623 2660 1827 2747 expectasse
1839 2648 2031 2742 iudicium,

625 2777 693 2849 nisi
709 2776 796 2848 forte
812 2774 940 2867 vulgus
956 2774 1163 2869 respondeat
1179 2774 1276 2869 quod
1294 2775 1398 2867 juxta
1420 2774 1584 2870 placitum
1605 2774 1769 2847 terminos
1784 2794 1906 2868 regum
1926 2780 2034 2845 trans·

625 2900 799 2995 mederis,
824 2898 908 2972 dum
927 2909 1043 2972 contra
1062 2899 1122 2991 jus
1142 2898 1342 2993 aggrederis
1361 2898 1473 2973 officia
1495 2898 1723 2973 sacerdotum.
1747 2898 1902 2984 Qualiter
1920 2906 2034 2971 autem

628 3022 1001 3099 contraconscientiam
1025 3032 1196 3114 nostrum,
1210 3030 1250 3095 ut
1262 3022 1403 3114 asseris,
1423 3022 1594 3117 denegata
1619 3022 1681 3095 tibi
1706 3021 1932 3118 possessionis
1953 3021 2035 3093 ciri-

628 3152 707 3223 tatis
723 3147 878 3245 prsdicte
901 3147 1081 3221 intentioni
1104 3145 1152 3244 (c)
1177 3157 1238 3221 tos
1258 3148 1446 3244 opituletur
1469 3146 1637 3222 restitutio
1661 3166 1732 3219 nou
1752 3144 1934 3235 videmus,
1955 3165 2033 3217 cnm

628 3274 723 3346 cives
746 3270 926 3345 Castellani
951 3270 1012 3365 qui
1037 3292 1076 3343 se
1100 3270 1163 3342 tibi
1186 3270 1314 3345 violato
1338 3280 1552 3345 sacramento
1575 3270 1657 3343 fidei
1684 3270 1862 3362 ignorante
1883 3268 2034 3341 Ecclesia

628 3395 873 3493 prodiderunt,
905 3395 1110 3468 excellentie
1136 3403 1197 3469 tue
1227 3396 1361 3467 nullum
1388 3396 1447 3487 jus
1477 3416 1540 3491 per
1568 3394 1634 3467 boc
1663 3393 1700 3466 in
1730 3391 1880 3489 seipsis
1909 3391 2035 3487 acqui-

628 3543 721 3612 rere,
746 3521 878 3593 nullum
903 3517 1002 3591 nobis
1023 3518 1115 3591 circa
1137 3519 1409 3613 possessionem,
1434 3539 1513 3591 cum
1532 3516 1806 3611 jurisdictionem
1831 3514 1980 3589 civitatis
2003 3524 2037 3587 et

629 3646 759 3719 civium
776 3643 876 3737 quasi
901 3640 1091 3737 possideret
1116 3642 1287 3733 Ecclesia,
1308 3642 1488 3738 prodendo
1510 3650 1695 3738 potuemnt
1718 3638 1950 3737 prejudicium
1968 3658 2037 3733 ge—

629 3792 769 3859 nerare3
789 3769 880 3841 male
907 3788 1058 3862 namque
1076 3768 1191 3863 agitur
1212 3788 1294 3841 cum
1311 3766 1462 3843 dominis
1479 3766 1696 3865 prediorum,
1717 3766 1747 3839 si
1771 3776 1865 3839 tanto
1883 3765 2036 3861 precario

630 3892 885 3990 possidentibus
909 3911 977 3964 non
1010 3888 1198 3985 requiritur
1223 3891 1450 3987 possessionis
1474 3890 1632 3983 initium,
1661 3890 1756 3985 leges
1783 3887 2035 3984 possessionum

631 4026 785 4091 evertere
800 4026 836 4089 et
852 4014 1026 4088 extraneis
1043 4016 1125 4107 jura
1143 4015 1299 4089 coulerm
1320 4016 1461 4089 1111111
1477 4034 1724 4111 possessorum.
1744 4013 1788 4085 Et
1803 4011 1882 4085 ideo
1896 4011 1926 4085 si
1946 4034 2037 4107 pru-

632 4142 752 4217 deuter
766 4138 963 4215 adverteres
977 4138 1073 4234 quod
1086 4139 1219 4234 lignum
1237 4140 1310 4213 vite
1325 4150 1378 4215 oet
1396 4140 1433 4213 in
1448 4138 1600 4237 paradisi
1616 4136 1733 4212 medio
1750 4136 1914 4233 positum,
1933 4137 1985 4209 sic
1999 4134 2035 4206 in

633 4276 748 4341 centro
774 4274 911 4337 tuomm
941 4261 1063 4335 linium
1090 4262 1278 4358 prudenter
1295 4263 1505 4359 persisteres,
1525 4260 1621 4358 quud
1648 4281 1869 4357 nequaquam
1901 4259 2038 4332 incaute

631 4390 676 4465 ad
691 4388 882 4485 judicanda
900 4398 1031 4461 secreta
1048 4388 1257 4463 conscientie
1272 4398 1388 4461 nostre
1404 4388 1506 4481 cuius
1521 4386 1635 4479 judex
1653 4386 1690 4459 in
1708 4386 1784 4461 celo
1804 4394 1857 4460 est
1879 4384 2037 4459 conscius

671 4555 714 4638 (o)
733 4558 790 4635 Ap.
804 4554 951 4634 Ruynald.
965 4553 1145 4617 1111111111ιί1.

670 4820 707 4894 (t)
725 4818 792 4877 vide
802 4832 884 4893 supra
893 4816 1038 4891 imperialis
1049 4814 1176 4891 epistolae
1189 4814 1313 4873 caudam.
1330 4814 1397 4873 ltem
1408 4814 1626 4873 tamenabanuc
1640 4810 1797 4887 1131111111
1815 4810 1867 4870 sub
1882 4808 1965 4884 litigio
1979 4822 2037 4867 sus·

635 4932 747 4993 pensam
760 4912 1311 4991 1111111111.(1.11111,1111,ρ.211.
