4859 6359
344 759 440 821 mm.
457 754 501 838 r]
791 752 989 815 arsroara
1013 751 1305 814 nrrnorraurca
1691 755 1749 816 err

391 889 594 977 lleinricm,
618 889 681 962 liei
696 887 809 981 gratia
825 889 1057 962 Romanorum
1070 898 1183 962 reret
1203 909 1337 982 semper
1360 897 1546 981 augustus,
1577 890 1748 964 universis

341 1015 477 1110 imperii
500 1010 664 1084 fidelibus
680 1010 770 1084 banc
787 1011 933 1084 litteram
949 1012 1155 1108 inspecturis
1170 1013 1207 1084 in
1225 1021 1439 1108 perpetuum.
1459 1014 1544 1085 Cum
1560 1013 1651 1086 eirca
1667 1035 1747 1110 pro·

342 1142 471 1214 mum
482 1136 618 1230 imperii
633 1144 749 1208 nostra
761 1135 932 1208 celsitudo
946 1135 1122 1230 invigilat,
1139 1144 1241 1208 cauta
1258 1135 1502 1208 deliberatione
1513 1135 1579 1208 sibi
1591 1137 1750 1230 providet

342 1285 423 1337 cum
441 1284 484 1336 aa
496 1283 567 1358 que
580 1259 772 1335 deserent
785 1260 842 1332 vel
860 1259 979 1332 lecerit
996 1260 1200 1354 scriptorum
1216 1259 1380 1332 memorie
1398 1259 1665 1332 recommendat.
1686 1261 1751 1334 Per

342 1387 610 1484 presumitaque
624 1384 792 1479 scriptum
806 1392 927 1458 notum
938 1405 1015 1458 esse
1025 1384 1186 1479 cupimus
1201 1395 1270 1456 tam
1283 1384 1498 1478 presentibus
1509 1407 1615 1478 quam
1625 1385 1749 1458 suturis

342 1510 438 1606 quod
452 1532 518 1584 nos
534 1508 673 1582 utilitati
686 1518 721 1581 et
734 1508 883 1582 libertati
899 1508 1048 1582 civitatis
1069 1509 1360 1602 nosasugrensis
1382 1510 1535 1582 volentes
1551 1511 1746 1594 intendere,

342 1633 532 1710 sectionem
544 1647 614 1730 que
632 1634 669 1704 in
682 1633 761 1728 ipsa
773 1641 847 1708 erat
861 1632 908 1706 de
919 1633 998 1706 vico
1014 1631 1167 1727 quodam
1176 1632 1389 1728 Sehiphgaze
1406 1632 1511 1723 dioto,
1527 1633 1588 1726 qui
1602 1635 1747 1708 ilenrico

342 1759 388 1834 de
413 1759 610 1832 libenstein
638 1755 733 1831 fideli
757 1765 875 1830 uostm
891 1756 1102 1852 pertinebat,
1123 1777 1186 1851 pro
1210 1755 1388 1830 honestate
1405 1756 1539 1850 imperii
1567 1769 1745 1832 censentes

342 1883 445 1956 nobis
461 1891 498 1956 et
509 1881 653 1978 imperio
664 1880 897 1971 inhonestam,
913 1880 959 1955 da
975 1881 1152 1954 voluntate
1166 1880 1250 1954 dieti
1265 1879 1401 1953 Henrioi
1415 1880 1460 1952 de
1470 1881 1667 1954 libenstein
1685 1905 1747 1978 pro

341 2006 421 2079 vico
433 2013 613 2102 peuomto
626 2006 716 2078 lacto
733 2004 955 2092 concambio,
976 2004 1091 2076 eidem
1105 2004 1244 2077 novalia
1266 2004 1303 2076 in
1318 2002 1478 2077 Gruvena
1495 2003 1542 2076 ad
1562 2026 1625 2078 nos
1643 2007 1749 2100 parti·

340 2131 458 2204 umba
469 2132 573 2223 juxta
590 2137 742 2202 monwm
764 2128 827 2223 qui
850 2128 1088 2222 Thilchelbarg
1112 2129 1322 2224 appellatur,
1351 2127 1573 2202 concedimus
1597 2137 1632 2202 et
1654 2151 1747 2203 com·

339 2262 529 2328 mutamus.
543 2253 860 2348 Utautempraseus
867 2251 1173 2326 commutatiosive
1184 2252 1424 2325 concambium
1438 2253 1579 2326 nobiset
1589 2254 1744 2348 imperio,

339 2379 490 2452 Hernico
504 2378 550 2454 de
563 2377 779 2452 Liebenstein
792 2387 827 2450 et
839 2379 913 2452 suis
926 2378 1113 2452 heredibus
1126 2387 1327 2474 permaneat
1338 2379 1592 2470 inconvulsum,
1603 2401 1748 2475 presen-

339 2512 411 2576 tem
423 2503 573 2576 litteram
585 2501 701 2596 sigillo
710 2510 827 2574 nostre
842 2501 1056 2575 celsitudinis
1068 2502 1213 2576 facimus
1226 2501 1392 2574 roborari.

387 2627 507 2700 Testes
530 2633 612 2698 sunt
638 2625 689 2698 bii
715 2651 723 2695 :
751 2625 967 2719 liggebertus
985 2626 1192 2699 venerabilis
1216 2625 1511 2718 Babenbergensis
1540 2626 1745 2723 spiscopus,

341 2752 592 2844 comengeno
611 2749 657 2824 de
673 2749 821 2826 Vriburc
835 2747 1056 2845 (Freyburg),
1144 2801 1154 2820 .
1172 2750 1387 2844 lantgravius
1410 2751 1455 2824 de
1480 2751 1748 2845 [suggenbercb

341 2872 645 2969 (leuchtenberg),
663 2873 831 2946 Hernicus
845 2872 1015 2965 deNilen,
1033 2875 1112 2947 Otto
1122 2873 1169 2947 de
1180 2873 1372 2961 llberstein,
1389 2873 1569 2946 Conradus
1585 2875 1748 2968 pipoerua

342 2995 386 3070 da
403 2997 676 3084 Wiutcrstetteu,
692 2995 920 3069 Eberbmdns'
930 2995 976 3069 de
993 2996 1277 3089 Hertingesberg,
1293 3005 1328 3068 et
1345 2997 1403 3068 alii
1420 2998 1656 3091 quamplures.

388 3122 517 3191 Datum
540 3117 637 3214 apud
656 3119 800 3212 Egressi,
820 3139 912 3192 auno
929 3117 1103 3192 dominice
1120 3120 1364 3193 iucarnationis
1386 3120 1433 3194 Μ.
1448 3119 1509 3192 CC.
1528 3121 1696 3208 Xllllllll,
1716 3123 1747 3194 V

342 3243 529 3334 idusjulii,
549 3240 739 3314 indictione
750 3243 910 3338 septima.

391 3804 597 3915 llenmcus,
620 3809 880 3898 Romanorum
906 3841 993 3924 rex,
1017 3820 1147 3904 comiti
1172 3821 1344 3932 Egenoni
1370 3825 1419 3907 de
1444 3823 1608 3936 Friburg
1633 3837 1671 3910 et
1700 3830 1748 3912 de
1858 3861 1892 3945 a„

339 3937 462 4022 Uracb
478 3967 550 4050 pro
567 3947 688 4053 gratis
704 3945 788 4058 ejus
806 3951 967 4035 servitiis
983 3954 1131 4037 confert
1147 3956 1188 4037 in
1205 3957 1361 4041 feodum
1379 3958 1539 4043 [lumina
1557 3964 1746 4071 quaedam
1827 3959 1841 3998 ⁴
1898 3933 1907 4000 3

339 4068 481 4155 ibidem
507 4099 685 4185 expressa
715 4107 805 4164 oum
830 4083 923 4166 riuis
948 4079 987 4168 et
1012 4089 1204 4170 montanis
1227 4089 1507 4199 adjacentibus,
1532 4091 1672 4202 jubens
1704 4107 1747 4179 ut

339 4205 529 4318 quidquid
550 4213 634 4295 auri
654 4214 696 4296 in
719 4215 944 4301 {luminibus
965 4228 1004 4302 et
1026 4223 1173 4332 argenti
1193 4223 1235 4304 in
1261 4215 1455 4308 montonis
1477 4227 1677 4335 invenerit,
1704 4229 1744 4310 in

339 4337 421 4447 ejus
439 4342 642 4428 utilitatem
659 4349 783 4432 cedat,

360 4567 363 4573 ’
406 4555 525 4629 ¹(lidld.
541 4558 743 4642 suornm,
757 4563 835 4627 litet.
849 4565 1085 4649 ammaus,
1098 4569 1165 4631 eod.
1182 4565 1336 4648 diplomat.
1346 4615 1356 4647 ,
1371 4577 1395 4633 t.
1417 4573 1471 4652 1v,
1487 4590 1518 4652 p.
1537 4583 1605 4654 teo,
1628 4591 1666 4636 ex
1689 4593 1743 4638 ar-

458 4661 549 4724 cblvo
562 4663 853 4751 Budalturlacensl.)

390 4841 595 4939 Heinricus,
618 4852 681 4924 Dei
694 4856 804 4946 gratia
828 4857 1059 4932 Romanorum
1075 4883 1139 4934 rex
1161 4871 1196 4935 et
1212 4884 1349 4959 semper
1366 4875 1552 4961 augustus,
1578 4869 1747 4944 universis
