4859 6359
410 801 569 889 lacinii]
860 800 1057 862 HISTORIA
1081 799 1373 862 nlrnouerlce.
1753 789 1814 852 699

411 935 586 1032 gaudeant
597 924 751 1030 pleniore
769 941 806 1004 et
816 933 883 1006 sub
893 945 1009 1008 nostro
1023 935 1197 1010 conductu
1213 936 1250 1006 in
1267 955 1385 1008 eorum
1404 932 1698 1027 negociationibus
1716 931 1815 1004 liberi

411 1069 585 1134 transeant
598 1069 633 1132 et
649 1057 780 1146 securi,
801 1045 866 1129 nee
881 1079 944 1152 pro
957 1060 1074 1154 aliquo
1088 1057 1229 1132 bomine
1245 1058 1462 1132 detineantur
1478 1065 1538 1128 aut
1553 1057 1644 1130 bona
1661 1055 1812 1152 ipsorum

410 1185 486 1258 sire
492 1183 674 1257 occasione
682 1178 1028 1277 vostra(nostra)sive
1035 1183 1215 1256 occasions
1225 1181 1364 1256 alterius
1373 1180 1711 1273 cujuslibstbominis
1717 1201 1815 1254 occu·

412 1307 721 1403 pcntnr.Volumus
731 1315 846 1379 autem
856 1305 1115 1380 utiamiliaritas
1127 1307 1216 1380 iuter
1232 1327 1295 1380 nos
1305 1315 1339 1380 et
1355 1306 1534 1380 ecclesiam
1546 1314 1695 1380 vestram
1711 1314 1813 1378 mum

413 1453 506 1503 nnnc
523 1439 709 1515 contracta,
727 1437 762 1501 et
777 1436 929 1523 preterea
937 1430 1046 1522 gratia
1058 1440 1093 1503 ct
1106 1431 1281 1502 libertates
1294 1428 1531 1525 quesuperius
1543 1439 1623 1500 sunt
1637 1448 1812 1523 expresse,

414 1553 515 1626 etium
527 1551 786 1648 exspirantibus
793 1552 1077 1648 promissionibus
1087 1563 1122 1624 et
1127 1553 1344 1648 juramentis,
1354 1553 1423 1624 sint
1431 1551 1647 1624 inviolabiles
1654 1562 1689 1624 et
1699 1574 1818 1649 perpe-

414 1675 694 1750 toovalitnre.Et
709 1673 828 1776 utheo
841 1677 1072 1772 superscripta
1082 1677 1242 1748 omnibus
1254 1686 1393 1773 pateant
1404 1675 1546 1748 etvobis
1557 1686 1592 1748 et
1603 1677 1692 1748 clero
1704 1686 1818 1750 vestro

417 1809 450 1873 et
462 1801 583 1874 iudeis
599 1822 641 1872 ac
656 1799 873 1872 universitati
888 1800 1000 1873 tocius
1018 1800 1166 1874 civitatis
1186 1811 1301 1874 vestre
1316 1823 1338 1874 a
1358 1801 1458 1874 nobis
1474 1811 1508 1874 et
1527 1821 1549 1872 a
1566 1801 1820 1874 successoribus

417 1925 540 1998 nostris
554 1923 799 1996 inviolabiliter
812 1923 1050 2016 observentur,
1063 1925 1166 1998 vobis
1177 1935 1212 1998 et
1223 1924 1308 2020 ipsis
1316 1944 1455 2020 presens
1464 1945 1569 2019 super
1576 1922 1643 1996 hoc
1653 1924 1819 2020 scriptum

417 2045 638 2120 concedimus
649 2045 753 2138 sigilli
764 2046 870 2117 nostri
885 2045 1007 2118 robore
1020 2047 1282 2120 communitum.

465 2169 583 2242 Testes
601 2197 611 2240 ε
633 2169 712 2241 Otto
732 2169 945 2265 prepositus,
962 2167 1137 2243 Amoldus
1154 2169 1326 2261 decanus,
1352 2167 1545 2242 Fridericus
1569 2179 1703 2264 centor,
1729 2171 1823 2246 'lbe-

421 2292 617 2385 genbardus
640 2291 840 2365 scolasticus
864 2301 900 2365 et
921 2292 1111 2389 imperialis
1132 2295 1213 2367 aule
1240 2293 1536 2390 prothonotarius,
1564 2293 1757 2369 Fridericus
1779 2295 1824 2372 de

419 2413 621 2508 Grindclab,
638 2414 814 2489 Arnoldus
827 2417 1055 2500 camerarius,
1071 2415 1232 2490 Albcrtns
1243 2417 1438 2490 cellerarius
1449 2414 1510 2516 [ct]
1522 2415 1693 2491 Arnoldus
1704 2419 1825 2494 iratres

422 2541 465 2614 do
483 2541 693 2630 Zobslstein,
712 2537 920 2614 cheiridns
934 2541 1137 2636 Kijsilingus
1152 2542 1309 2614 canonici
1327 2542 1465 2635 majoris
1481 2543 1642 2631 ecclesie,
1663 2543 1825 2638 magister

421 2663 638 2736 llernrannus
651 2665 811 2760 scriptor,
832 2664 995 2758 magister
1011 2663 1240 2755 lieinboldus,
1261 2665 1424 2758 magister
1435 2665 1656 2738 Eberhardus
1669 2667 1825 2740 canonici

421 2789 504 2861 novi
517 2789 734 2879 monasterii3
751 2788 848 2878 laici,
862 2789 943 2862 Otto
956 2788 1003 2862 do
1014 2789 1266 2882 Botcnlovben,
1278 2789 1470 2885 lluopertus
1486 2789 1532 2862 dc
1545 2789 1693 2881 Kastele,
1707 2792 1826 2886 Boppo

424 2911 466 2984 de
479 2911 688 3003 Wcrtbeim,
708 2909 935 2985 Gebebardus
949 2912 1186 3006 dellirzberg,
1211 2913 1373 3004 comites3
1402 2912 1601 2985 Cuonradus
1616 2914 1826 3009 burgravius

422 3035 466 3109 de
481 3035 715 3125 Nuorinbero,
730 3035 956 3130 Manegoldus
967 3035 1013 3109 de
1027 3037 1209 3130 Wiltperc,
1228 3036 1344 3110 Kraito
1358 3035 1403 3110 de
1417 3036 1714 3131 Sobillingisnirst,
1735 3037 1823 3112 Ulri·

422 3181 482 3232 cus
501 3158 546 3233 do
563 3159 793 3251 Kungestcin,
812 3160 974 3232 Werneto
986 3159 1078 3230 filius
1093 3180 1196 3251 suus,
1216 3158 1393 3254 Lupoldus
1420 3169 1454 3232 et
1475 3159 1693 3234 Eberhardus
1708 3161 1827 3237 iratres

423 3281 466 3356 de
482 3281 683 3374 Grindelab,
701 3281 924 3356 Rindesmulc
935 3281 981 3355 de
993 3282 1251 3372 Grundcsberg,
1265 3284 1481 3356 Hermannus
1493 3255 1719 3379 Rindisnule,
1732 3285 1827 3361 Wal-

423 3415 504 3500 poto
518 3403 565 3478 de
582 3406 771 3496 Zveronzc,
805 3405 967 3478 Albertus
989 3405 1034 3478 de
1058 3405 1289 3495 Rucbcsdcrl,
1315 3405 1546 3479 Erkenbsrtus
1566 3407 1612 3482 de
1629 3409 1825 3504 lintindori,

424 3531 586 3623 Svigerns
601 3540 636 3602 et
652 3529 872 3602 Eberhardus
884 3531 1006 3603 tratres
1018 3528 1063 3602 de
1076 3529 1271 3623 Oberbacb,
1290 3531 1488 3626 Walpertus
1504 3533 1620 3623 Torso,
1638 3533 1829 3609 Fridericos

426 3654 469 3727 de
483 3653 617 3726 Krense
638 3654 796 3744 sculteti;
810 3653 1212 3746 HeinricusWolioldus,
1231 3653 1457 3729 Elkebardus
1470 3658 1604 3749 Pullus,
1624 3657 1829 3733 Godelridus

425 3777 651 3869 camerarius,
672 3777 845 3849 lohannes
862 3778 1046 3873 pincerna,
1068 3779 1250 3851 lleinricus
1263 3779 1414 3875 depiisr,
1433 3781 1613 3853 Heinricns
1628 3783 1826 3876 Wollmari,

427 3901 654 3995 llarquardus
679 3900 881 3997 Orphanns,
905 3902 1136 3996 blarquardus
1153 3902 1276 3996 Cruso,
1293 3903 1500 3978 Godctridus
1517 3915 1552 3978 et
1573 3905 1771 3980 Herbordus
1795 3917 1829 3980 et

431 4025 627 4098 llicbalmus
645 4026 819 4115 Hacones,
845 4037 880 4100 et
898 4026 956 4098 alii
973 4027 1209 4122 quamplures.

475 4150 561 4222 Data
589 4150 782 4246 Herpipoli,
808 4171 900 4223 anno
917 4151 1054 4223 Domini
1072 4152 1121 4225 ll·
1134 4151 1197 4224 CC⁰
1210 4151 1322 4226 XXX⁰
1336 4151 1433 4244 lllll,
1451 4152 1557 4225 xllll
1572 4151 1737 4227 kalendas
1765 4155 1831 4229 dc-

428 4273 590 4363 combris,
611 4273 799 4347 indictione
816 4274 915 4347 vill.

637 4521 915 4538 m-

485 4746 694 4856 llenricus,
721 4749 981 4834 Romanorum
1008 4775 1097 4857 rex,
1126 4750 1177 4832 sd
1204 4748 1399 4859 querelam
1430 4747 1636 4831 Hennanni
1672 4750 1880 4859 episcopi„
1899 4753 2036 4850 m„

365 4890 368 4895 ⁴
439 4881 741 4993 Herbipolensis,
773 4882 931 4967 diversis
954 4881 1106 4993 juribus
1136 4883 1177 4965 in
1206 4881 1307 4965 villis
1333 4881 1633 4993 llomphesdori,
1663 4881 1839 4992 Urheim,
