4859 6359
417 731 515 792 Irnrcn
531 725 574 810 9.]
861 721 1059 784 HISTORIA
1085 718 1379 782 emundantes

471 1289 675 1400 Heminae,
697 1291 857 1402 Angliee
874 1318 956 1400 rex,
976 1291 1181 1396 Friderice,
1201 1293 1461 1376 Romanorum
1479 1288 1712 1399 imperatori,
1732 1313 1827 1400 gra·
1902 1361 1916 1389 „
1943 1358 1967 1389 0,

418 1421 492 1504 tias
510 1421 590 1532 agit
608 1423 712 1534 quod
734 1423 768 1507 ei
794 1423 979 1532 placuerit
1000 1449 1130 1508 cesum
1155 1423 1371 1506 inauditnm
1393 1423 1461 1534 qni
1482 1423 1523 1504 in
1540 1421 1713 1532 partibus
1732 1420 1828 1503 Ale-

420 1554 597 1636 manniae
633 1555 788 1662 accidit,
818 1555 889 1638 sibi
926 1557 1226 1663 communicare3
1254 1557 1481 1664 magistrum
1510 1553 1733 1637 Gualterum
1763 1553 1828 1657 [de

422 1685 537 1792 Ocra]
564 1687 802 1796 imperatoris
828 1689 1028 1796 clericum,
1057 1715 1173 1800 quem
1199 1689 1326 1772 adhuc
1350 1713 1466 1796 penes
1492 1713 1533 1769 se
1555 1685 1730 1791 retinuit,
1754 1684 1827 1767 sub

421 1820 595 1928 proximo
613 1821 857 1905 remissurus.

504 2047 598 2127 (Edit.
613 2063 662 2125 ap.
677 2046 1171 2123 siumeuroaemensium,
1185 2053 1257 2126 etc„
1272 2053 1297 2107 t.
1311 2049 1338 2122 1,
1352 2063 1381 2124 p
1398 2045 1481 2124 22⁴.)

474 2245 620 2320 Domine
635 2267 698 2320 suo
715 2268 756 2320 ac
774 2245 959 2342 magnifico
972 2246 1027 2336 F.,
1042 2247 1104 2318 Dei
1121 2246 1230 2341 gratia
1240 2247 1470 2336 Romanorum
1486 2244 1682 2340 imperatori
1694 2265 1831 2340 semper

425 2381 585 2466 angusto,
604 2383 687 2470 etc,
701 2373 794 2444 fratri
813 2371 1047 2464 dilectissimo,
1064 2372 1232 2444 ilenricns
1249 2369 1371 2444 eadem
1386 2371 1494 2466 gratia
1509 2392 1574 2443 ren
1590 2367 1724 2461 Aegle,
1745 2377 1828 2458 etc,

425 2497 616 2570 salutemet
632 2517 768 2592 semper
786 2497 902 2568 lelices
919 2496 963 2569 de
979 2495 1136 2568 hostibus
1153 2494 1358 2591 triumphos.
1375 2495 1575 2568 Venientem
1595 2493 1641 2568 ad
1660 2516 1722 2566 nos
1737 2493 1834 2565 lien-

429 2621 532 2694 ricnm
552 2620 597 2693 de
614 2619 706 2716 Aeys
722 2619 885 2717 (Aquisll
904 2619 1090 2715 imperialis
1107 2620 1186 2693 aule
1205 2619 1459 2708 marescallum,
1480 2618 1647 2691 nuncium
1665 2627 1831 2705 vestrum,

427 2743 492 2817 lete
509 2743 598 2816 sieut
623 2743 739 2816 decuit
760 2753 795 2816 et
820 2741 1004 2816 honorifice
1026 2743 1237 2839 recepimus3
1258 2741 1514 2838 magnificentie
1537 2751 1652 2816 vestre
1677 2741 1834 2837 copiosas

429 2867 646 2940 exsolventes
665 2867 850 2960 gratiarnm
867 2867 1020 2940 actiones
1037 2867 1132 2962 quod
1150 2866 1280 2963 placuit
1297 2867 1397 2940 vobis
1424 2889 1543 2939 casum
1567 2887 1589 2938 a
1614 2865 1712 2938 nobis
1737 2865 1836 2960 prius

430 2990 623 3065 inauditum
640 2991 701 3088 qni
720 3011 831 3088 nuper
847 2990 975 3064 accidit
992 2991 1028 3062 in
1048 2990 1203 3086 partibus
1221 2989 1361 3081 restris,
1379 2990 1479 3063 nobis
1496 2989 1750 3062 communicare
1767 2986 1832 3084 (l).

466 3298 504 3370 (t)
523 3299 584 3355 Non
597 3297 771 3354 dubitandum
784 3312 924 3354 censemm
935 3297 1001 3370 quin
1015 3296 1058 3354 bic
1069 3301 1162 3368 agatur
1176 3295 1210 3353 de
1223 3295 1343 3354 inaudito
1355 3295 1469 3368 quodum
1482 3294 1594 3352 crimIne
1606 3301 1670 3351 binc
1682 3295 1710 3351 in
1719 3294 1837 3352 Iudaeos

431 3394 571 3453 intentato.
588 3396 626 3452 lie
645 3411 698 3468 quo
713 3395 751 3452 ita
764 3395 915 3454 Geronteon
925 3392 1125 3468 Erpbordienre
1139 3411 1146 3448 ι
1161 3413 1175 3448 ι
1190 3393 1248 3450 ileo
1260 3407 1330 3448 anne
1345 3393 1370 3452 v
1381 3392 1509 3450 kalendas
1518 3393 1635 3465 januarii
1647 3393 1695 3464 (28
1712 3391 1834 3449 decemb.

433 3491 508 3564 ⁴235)
519 3491 638 3550 inFulda
647 3491 740 3549 ludaei
751 3493 889 3566 utriusque
898 3507 979 3549 sexus
989 3491 1095 3564 triginta
1106 3497 1222 3564 quatuor
1232 3505 1249 3547 a
1259 3489 1450 3562 crucesignatis
1460 3488 1612 3546 christianin
1623 3495 1685 3546 sunt
1695 3490 1836 3563 perempti,

432 3590 557 3662 quoniam
566 3589 619 3646 duo
629 3605 661 3646 ex
673 3589 765 3646 iisdem
774 3589 880 3646 Indaeis
892 3589 920 3645 in
930 3593 1021 3645 sancto
1030 3587 1073 3645 die
1085 3587 1181 3644 Christi
1190 3587 1330 3660 cujusdam
1343 3586 1528 3645 molendinarii
1538 3628 1593 3644 .....
1606 3586 1726 3660 quinque
1738 3602 1837 3660 pueros

432 3685 618 3746 miserabiliter
637 3685 826 3743 interemerant
839 3701 872 3743 ac
884 3685 1003 3760 ipsorum
1018 3684 1175 3757 sangninem
1194 3684 1222 3741 in
1240 3683 1327 3742 saccis
1344 3699 1407 3742 cera
1422 3683 1504 3741 linitis
1518 3690 1705 3757 susceperant,
1723 3683 1838 3758 igneque

432 3783 521 3842 domni
542 3783 681 3858 supposito
694 3784 858 3841 recedentes.
877 3783 959 3856 Cujus
977 3783 1018 3840 rei
1032 3787 1145 3840 veritate
1165 3787 1303 3855 comperta
1321 3787 1351 3839 et
1365 3781 1401 3839 ab
1421 3781 1488 3857 ipsis
1506 3781 1559 3839 rein
1575 3781 1683 3838 ludaeis
1698 3781 1836 3850 contessa,

433 3881 515 3956 puniti
529 3887 635 3938 suntut
650 3880 843 3956 supradictum
857 3887 907 3938 est.
923 3879 1000 3954 sap.
1019 3878 1386 3950 eorumdisserendi,
1405 3895 1434 3952 p.
1454 3881 1518 3936 397.
1537 3879 1605 3936 iiem
1625 3893 1733 3952 quoque
1751 3877 1838 3936 fusius

340 3969 342 3974 ’
433 3983 541 4036 narrant
554 3977 671 4036 Annoles
687 3979 899 4052 Amantium,
915 3978 949 4035 ad
963 3993 1025 4034 ann.
1040 3979 1120 4048 ties,
1134 3975 1248 4049 Ibidem,
1262 3982 1282 4033 t.
1296 3977 1343 4049 III,
1358 3995 1385 4051 p.
1403 3979 1454 4034 409
1470 3977 1617 4034 :aliodem
1629 3981 1748 4050 tempore
1765 3977 1837 4050 apud

434 4073 562 4134 luidense
573 4074 766 4132 monasterium
779 4074 855 4132 iudei
869 4073 1000 4148 ‹prosdam
1012 4089 1110 4146 pueros
1122 4073 1282 4132 christianes
1292 4073 1321 4129 in
1333 4073 1450 4147 quodam
1462 4072 1614 4132 molendino
1626 4079 1657 4131 nt
1673 4089 1706 4131 ex
1718 4074 1758 4132 eis
1774 4089 1838 4132 san-

432 4171 539 4244 gninem
557 4171 592 4228 ad
614 4187 693 4230 surum
714 4171 862 4229 remedium
885 4171 1025 4242 eicerent,
1043 4177 1224 4245 peremerunt.
1242 4170 1320 4229 Unde
1341 4171 1415 4228 cium
1430 4170 1550 4244 eundem
1565 4171 1679 4228 ciuitatis
1692 4171 1790 4228 multos
1803 4187 1838 4229 ex

432 4267 521 4326 iudeis
534 4267 695 4326 occiderunt.
713 4267 767 4327 Sed
779 4285 841 4328 cunr
857 4284 1001 4344 pueromm
1013 4283 1126 4342 corpore
1142 4268 1170 4324 in
1186 4274 1306 4326 castrum
1321 4267 1475 4340 ilagenowe
1491 4267 1580 4326 delata
1596 4274 1624 4325 et
1639 4268 1740 4325 ibidem
1754 4284 1836 4326 vene-

433 4365 550 4424 rabiliter
566 4365 696 4424 tnmniata
706 4365 829 4440 luissent,
841 4367 986 4442 imperator
997 4365 1139 4424 tumultum
1150 4366 1197 4440 qui
1210 4371 1269 4423 tum
1281 4373 1374 4424 eontm
1385 4365 1485 4423 ludens
1504 4371 1580 4424 ertrrs
1589 4372 1640 4437 est,
1653 4365 1729 4422 aliter
1741 4367 1836 4422 sedare

434 4477 486 4520 non
497 4462 598 4532 valens,
613 4463 713 4521 multos
723 4463 796 4521 viros
814 4469 950 4538 potentes,
966 4479 1076 4538 magnos
1089 4469 1117 4520 et
1132 4463 1262 4521 litteratos
1278 4479 1313 4520 er
1330 4462 1441 4521 diversis
1456 4463 1578 4537 partibus
1592 4477 1759 4531 convocans,
1776 4463 1840 4520 dili·

433 4563 525 4632 genter
545 4574 562 4616 a
579 4559 745 4634 sapientibus
761 4560 900 4634 inquisivit
911 4567 1017 4632 unum,
1037 4560 1106 4618 siem
1121 4560 1192 4618 lama
1207 4560 1356 4618 eommunis
1370 4558 1467 4630 babet,
1485 4560 1562 4617 iudei
1579 4559 1754 4617 christianum
1771 4575 1837 4617 san·

432 4655 538 4728 minem
551 4656 579 4714 in
593 4657 742 4715 Paraseere
754 4658 935 4716 necessarium
951 4657 1097 4728 baberent;
1118 4656 1231 4715 firmiter
1246 4672 1400 4731 propenens
1418 4656 1443 4714 si
1457 4656 1546 4715 boeei
1561 4656 1595 4715 de
1607 4671 1673 4715 rere
1686 4662 1837 4727 constaret,

434 4753 573 4812 universos
588 4753 693 4828 imperii
705 4755 748 4814 sui
761 4755 861 4814 tudens
873 4755 929 4813 iore
942 4755 1122 4829 perimendos.
1137 4755 1238 4814 Verum
1249 4754 1313 4828 quia
1323 4753 1404 4812 nichil
1417 4753 1483 4812 certi
1496 4769 1578 4829 super
1590 4754 1642 4812 boc
1654 4755 1771 4828 experiri
1783 4770 1839 4828 po-

434 4853 516 4922 terat,
529 4851 660 4910 seneritas
679 4853 823 4928 imperialis
841 4853 979 4930 propositi,
1001 4858 1109 4928 accepta
1129 4859 1219 4910 tamen
1234 4851 1353 4911 alndeis
1369 4867 1467 4926 magna
1486 4852 1614 4928 manu,
1631 4852 1659 4909 in
1675 4850 1752 4910 brevi
1769 4869 1840 4912 eon·

512 4950 564 5014 lv.
585 4965 675 5014 Paron
1620 4961 1676 5014 102
