4859 6359
427 738 524 800 hnrcr.
538 737 583 816 9.]
871 738 1066 802 HISTORIA
1091 739 1383 804 otsnorrnrtce
1773 743 1832 804 etl

413 875 597 970 privilegii
610 879 798 947 statuentes
807 873 1097 969 edictoquutenns
1110 878 1349 974 nullnssitqui
1364 875 1538 974 predictos
1544 876 1641 950 cives
1648 877 1685 950 in
1699 876 1832 952 eisdem

430 997 596 1070 nundinis
612 1019 634 1071 a
652 1006 768 1070 nostre
780 997 984 1071 celsitudine
996 997 1139 1072 indultis
1156 1001 1275 1074 sibiet
1288 1001 1460 1075 concessis
1472 1009 1648 1095 presumat
1659 999 1833 1073 offendere

428 1120 549 1195 velud
565 1120 657 1216 ipsus
676 1119 853 1193 nundinas
876 1119 1078 1195 accedentes
1100 1123 1137 1194 in
1159 1133 1276 1197 nostra
1292 1133 1328 1196 et
1349 1122 1483 1218 imperii
1503 1122 1686 1196 securitate
1700 1124 1738 1194 in
1753 1143 1833 1218 per·

427 1245 522 1318 sonis
536 1245 593 1318 vel
605 1244 710 1318 rebus
721 1243 794 1318 suis
805 1240 936 1333 eundo,
951 1245 1119 1320 morundo
1133 1247 1190 1320 vel
1203 1245 1382 1321 redeundo
1395 1267 1540 1341 gravere
1553 1245 1682 1318 audeat
1693 1255 1755 1318 aut
1767 1247 1832 1318 im·

433 1366 564 1462 pedire.
583 1366 685 1452 Quod
697 1367 760 1462 qni
776 1368 1023 1464 presumpserit
1035 1367 1071 1440 in
1089 1368 1279 1443 vindictam
1292 1368 1491 1442 temeritatis
1503 1390 1568 1442 sue
1580 1369 1834 1463 quinquaginta

429 1499 562 1564 merces
572 1491 648 1562 euri
662 1498 857 1584 componat,
873 1511 1021 1584 quarum
1035 1490 1152 1565 media
1164 1514 1245 1587 pers
1257 1513 1393 1566 cernere
1404 1500 1519 1564 nostre
1528 1502 1563 1563 et
1575 1491 1711 1584 reliqua
1723 1492 1842 1586 passis

431 1614 593 1707 iniuriam
610 1615 838 1710 persolvetur.
861 1613 918 1687 Ad
939 1615 1044 1708 hujus
1065 1615 1184 1710 itaque
1196 1614 1413 1710 indulgentie
1426 1625 1462 1688 et
1475 1615 1705 1688 oonoessionis
1718 1623 1835 1688 nostre

430 1739 672 1813 memoriamet
686 1738 792 1812 robur
806 1747 971 1834 perpetuo
980 1739 1180 1829 valiturum,
1198 1761 1338 1837 presens
1350 1739 1571 1836 privilegium
1586 1737 1661 1813 lieri
1675 1747 1710 1811 et
1721 1739 1835 1829 sigillo

431 1871 545 1935 nostre
557 1861 771 1936 celsitudinis
779 1862 946 1953 jussimus
959 1861 1129 1956 insigniri.

481 1987 597 2058 Testes
611 1983 717 2076 hujus
731 1985 781 2056 rei
799 1993 880 2056 sunt
896 2009 906 2056 ε
921 1984 1134 2057 venerabiles
1155 1984 1322 2058 Sileridus
1339 1983 1581 2079 Mogontinus,
1604 1981 1835 2057 Theodericus

433 2108 651 2182 Treverensis
663 2108 929 2204 archiepiscopi,
949 2106 1163 2180 llkkebertus
1176 2107 1468 2200 Babenbergensis
1475 2159 1768 2198 ........
1784 2105 1838 2206 (o)

438 2231 649 2304 Pataviensis
661 2231 829 2327 episcopi,
845 2231 924 2304 Otto
937 2230 1014 2304 dux
1033 2229 1078 2303 de
1090 2231 1307 2321 Bruneswic,
1327 2231 1506 2302 Heinrious
1520 2231 1733 2322 lantgravius
1745 2233 1838 2306 Thu·

434 2354 565 2448 ringic,
592 2355 809 2427 Hermennus
831 2353 984 2426 marchio
1005 2353 1051 2428 de
1071 2353 1207 2440 Beden,
1238 2351 1434 2426 Gerhardus
1460 2373 1576 2426 eomes
1592 2354 1639 2427 de
1661 2354 1835 2446 Dietsche,

434 2475 656 2551 Eberhardus
670 2477 716 2551 de
729 2477 944 2570 llbersteine,
966 2475 1142 2550 Conradus
1157 2463 1388 2570 burcgravius
1402 2476 1449 2549 de
1465 2476 1693 2568 Noerioberc,
1718 2478 1842 2551 Getici·

435 2603 503 2677 dus
516 2613 552 2676 et
568 2602 747 2676 Conredus
761 2604 882 2677 iratres
897 2601 943 2676 de
957 2601 1155 2676 Hohenloch
1170 2604 1312 2675 comites
1325 2601 1543 2690 llomaniole,
1570 2602 1703 2674 nobiles
1719 2603 1843 2676 Wern-

435 2726 540 2800 heros
556 2725 603 2800 de
626 2725 818 2801 Bonlandia
843 2726 1028 2822 imperialis
1050 2727 1129 2800 aule
1150 2725 1303 2820 dapifer,
1330 2724 1509 2820 Philippus
1531 2723 1577 2798 de
1603 2725 1838 2818 llohenvelse,

435 2851 614 2948 Philippus
627 2851 673 2926 de
686 2851 946 2944 Vellensteine,
963 2851 1185 2925 Eberhardus
1202 2849 1249 2923 de
1263 2849 1599 2944 Willehelmsdorph,
1615 2851 1844 2946 llarquardus

436 2975 481 3048 de
502 2977 617 3050 Sneite
628 2975 741 3070 judex
757 2975 1018 3050 Wormatiensis
1031 2974 1096 3072 (l),
1113 2974 1306 3070 Geilingus,
1322 2973 1541 3048 Eberhardus
1556 2973 1602 3047 de
1617 2975 1840 3067 Winenburc,

442 3099 547 3196 Elyas
565 3100 611 3175 de
622 3099 792 3174 Bobardia
804 3101 1058 3193 ministeriales,
1075 3109 1109 3174 et
1123 3100 1181 3174 alii
1193 3100 1427 3196 quamplures.

486 3224 632 3320 Signum
648 3224 780 3298 domini
797 3226 904 3298 nostri
919 3224 1080 3300 Friderici
1103 3223 1248 3298 secundi
1267 3224 1331 3298 liei
1351 3222 1693 3316 morianensem
1716 3223 1843 3296 Itoma-

437 3367 563 3421 norum
589 3349 803 3444 imperatoris
832 3369 967 3446 semper
991 3348 1147 3440 augusti,
1172 3348 1361 3420 Jerusalem
1385 3355 1420 3420 et
1441 3346 1558 3420 Sicilie
1581 3347 1685 3441 regis.
1703 3344 1845 3442 (Mono-

435 3471 619 3570 eum)

486 3596 560 3692 Ego
571 3595 741 3670 Sileridue
756 3597 818 3670 nei
837 3597 947 3690 gratia
966 3596 1224 3694 Ratisponensis
1239 3596 1439 3692 episcopus,
1466 3595 1654 3691 imperialis
1667 3597 1748 3670 aule
1763 3615 1845 3668 eon·

481 3825 523 3906 (a)
543 3827 609 3890 lion
621 3843 740 3908 nomn,
750 3827 861 3890 sddoet
870 3824 1043 3910 dedomo,
1052 3825 1237 3891 desideratur
1249 3825 1484 3906 tuentogreplrc,
1498 3825 1570 3888 dum
1575 3826 1705 3906 epatium
1716 3839 1845 3888 vecnnm

439 3938 597 3996 moneat.

475 4277 511 4353 (tl
529 4277 684 4336 Adversarii
693 4277 810 4336 landold
820 4277 948 4354 episcopi,
958 4293 1042 4352 quum
1049 4293 1112 4336 eum
1124 4283 1200 4336 exne
1210 4278 1380 4353 imperatoris
1387 4279 1500 4352 gratiam
1508 4281 1641 4336 remotum
1648 4277 1845 4350 cognovusent

441 4376 549 4434 «statim
553 4375 805 4449 judioemadomino
813 4375 974 4450 imperatore
982 4374 1095 4433 missum
1103 4375 1469 4450 wormaciaellnruuerdum
1477 4373 1594 4432 nobilem
1601 4372 1847 4431 virumdeSneitde

439 4477 682 4548 procreverunt...
692 4473 779 4532 ludex
790 4487 856 4532 veru
866 4471 1044 4546 llerquerdus
1052 4487 1192 4530 asenneus
1201 4471 1254 4530 sibi
1264 4470 1483 4545 qnatnrmilites
1492 4474 1633 4543 eteeptem
1641 4468 1724 4541 eivee,
1736 4469 1848 4530 oonsilio

440 4569 575 4644 praesedit
592 4575 621 4628 et
636 4569 780 4643 judicanda
794 4569 925 4646 judicavit
937 4585 970 4628 ac
982 4567 1112 4627 uibutrm
1125 4567 1153 4626 in
1165 4567 1353 4627 ministeriales
1366 4567 1493 4626 moene
1507 4565 1599 4641 posuit
1615 4572 1644 4624 et
1660 4567 1770 4641 recepit
1788 4567 1848 4627 lliie

439 4665 564 4724 omnibus
577 4666 655 4724 valde
666 4667 741 4724 inviti
755 4667 829 4725 cives
841 4670 1046 4734 eonsensemnt,
1065 4665 1129 4739 quia
1144 4663 1216 4722 eliud
1232 4664 1321 4724 iacere
1333 4681 1387 4725 non
1403 4664 1547 4722 audebant.
1562 4683 1577 4717 ι
1592 4663 1691 4721 Amet
1713 4663 1844 4724 Wovmut.

441 4777 487 4837 ep.
503 4763 649 4834 Romen,
663 4765 777 4833 Funus,
794 4768 814 4819 t.
830 4763 868 4834 ll,
882 4778 911 4836 p.
924 4765 987 4821 itt.
999 4761 1085 4820 ludex
1097 4775 1163 4820 vero
1173 4761 1309 4820 deitatem
1319 4762 1545 4821 wormatiensem
1555 4775 1610 4818 non
1623 4759 1706 4818 exivit
1717 4759 1770 4819 nisi
1781 4775 1844 4819 ornnr

441 4859 587 4919 teudulfus
600 4860 634 4918 ed
646 4875 724 4918 erem
739 4859 907 4934 monopolim
922 4859 1040 4933 redierit,
1055 4858 1157 4919 edicet
1168 4874 1263 4918 mense
1276 4859 1412 4920 decenbri
1424 4859 1505 4936 tuitus
1517 4857 1582 4917 anni
1594 4861 1675 4919 titt.

537 4959 592 5024 tv.
610 4975 700 5022 rma
1631 4966 1688 5020 tot
