<?xml version="1.0" encoding="UTF-8"?>
<!DOCTYPE html PUBLIC "-//W3C//DTD XHTML 1.0 Transitional//EN"
    "http://www.w3.org/TR/xhtml1/DTD/xhtml1-transitional.dtd">
<html xmlns="http://www.w3.org/1999/xhtml" xml:lang="en" lang="en">
 <head>
  <title>
</title>
<meta http-equiv="Content-Type" content="text/html;charset=utf-8" />
  <meta name='ocr-system' content='tesseract 3.04.00' />
  <meta name='ocr-capabilities' content='ocr_page ocr_carea ocr_par ocr_line ocrx_word'/>
</head>
<body>
  <div class='ocr_page' id='page_1' title='image "./historiadiploma05fredgoog_0135.png"; bbox 0 0 4859 6359; ppageno 0'>
   <div class='ocr_carea' id='block_1_1' title="bbox 431 817 1397 899">
    <p class='ocr_par' dir='ltr' id='par_1_1' title="bbox 431 817 1397 899">
     <span class='ocr_line' id='line_1_1' title="bbox 431 817 1397 899; baseline -0.006 -14"><span class='ocrx_word' id='word_1_1' title='bbox 431 824 529 887; x_wconf 70' lang='lat' dir='ltr'>[surm.</span> <span class='ocrx_word' id='word_1_2' title='bbox 547 824 591 899; x_wconf 84' lang='grc'>7.]</span> <span class='ocrx_word' id='word_1_3' title='bbox 881 819 1080 882; x_wconf 78' lang='lat' dir='ltr'>trrsrottla</span> <span class='ocrx_word' id='word_1_4' title='bbox 1105 817 1397 881; x_wconf 77' lang='lat' dir='ltr'>nlrtotrarrctt.</span> 
     </span>
    </p>
   </div>
   <div class='ocr_carea' id='block_1_2' title="bbox 652 1091 1628 1104">
    <p class='ocr_par' dir='ltr' id='par_1_2' title="bbox 652 1091 1628 1104">
     <span class='ocr_line' id='line_1_2' title="bbox 652 1091 1628 1104; baseline -0.002 0"><span class='ocrx_word' id='word_1_5' title='bbox 652 1091 1072 1104; x_wconf 53' lang='lat' dir='ltr'>mnu-——o--n-Q—-e</span> <span class='ocrx_word' id='word_1_6' title='bbox 1078 1095 1086 1102; x_wconf 76' lang='grc' dir='ltr'>ι</span> <span class='ocrx_word' id='word_1_7' title='bbox 1094 1093 1334 1103; x_wconf 58' lang='lat' dir='ltr'>moa-—</span> <span class='ocrx_word' id='word_1_8' title='bbox 1338 1093 1496 1104; x_wconf 56' lang='lat' dir='ltr'>m·-</span> <span class='ocrx_word' id='word_1_9' title='bbox 1503 1095 1610 1102; x_wconf 63' lang='lat'><em>--0--0—-0-</em></span> <span class='ocrx_word' id='word_1_10' title='bbox 1615 1093 1628 1102; x_wconf 69' lang='lat' dir='ltr'>a</span> 
     </span>
    </p>
   </div>
   <div class='ocr_carea' id='block_1_3' title="bbox 483 1327 2028 1476">
    <p class='ocr_par' dir='ltr' id='par_1_3' title="bbox 483 1327 2028 1476">
     <span class='ocr_line' id='line_1_3' title="bbox 483 1327 2028 1475; baseline 0.001 -65"><span class='ocrx_word' id='word_1_11' title='bbox 483 1329 693 1431; x_wconf 76' lang='lat' dir='ltr'>Hannone,</span> <span class='ocrx_word' id='word_1_12' title='bbox 722 1328 984 1410; x_wconf 87' lang='lat' dir='ltr'>Romanorum</span> <span class='ocrx_word' id='word_1_13' title='bbox 1009 1354 1096 1434; x_wconf 84' lang='lat' dir='ltr'>rex,</span> <span class='ocrx_word' id='word_1_14' title='bbox 1116 1336 1252 1411; x_wconf 87' lang='lat' dir='ltr'>notum</span> <span class='ocrx_word' id='word_1_15' title='bbox 1269 1327 1360 1410; x_wconf 84' lang='lat' dir='ltr'>fauit</span> <span class='ocrx_word' id='word_1_16' title='bbox 1378 1329 1501 1438; x_wconf 85' lang='lat' dir='ltr'>quod,</span> <span class='ocrx_word' id='word_1_17' title='bbox 1521 1328 1571 1411; x_wconf 93' lang='lat' dir='ltr'>ad</span> <span class='ocrx_word' id='word_1_18' title='bbox 1592 1329 1842 1412; x_wconf 90' lang='lat' dir='ltr'>imitationem</span> <span class='ocrx_word' id='word_1_19' title='bbox 1880 1327 2028 1475; x_wconf 37' lang='lat' dir='ltr'>&amp;ittig</span> 
     </span>
     <span class='ocr_line' id='line_1_4' title="bbox 1970 1446 1985 1476; baseline 0 0"><span class='ocrx_word' id='word_1_20' title='bbox 1970 1446 1985 1476; x_wconf 71' lang='grc' dir='ltr'>ι</span> 
     </span>
    </p>
   </div>
   <div class='ocr_carea' id='block_1_4' title="bbox 406 1460 1841 1836">
    <p class='ocr_par' dir='ltr' id='par_1_4' title="bbox 406 1460 1841 1836">
     <span class='ocr_line' id='line_1_5' title="bbox 429 1460 1841 1570; baseline 0.001 -28"><span class='ocrx_word' id='word_1_21' title='bbox 429 1461 549 1570; x_wconf 88' lang='lat' dir='ltr'>patris</span> <span class='ocrx_word' id='word_1_22' title='bbox 570 1461 631 1543; x_wconf 91' lang='lat' dir='ltr'>sui</span> <span class='ocrx_word' id='word_1_23' title='bbox 649 1461 911 1544; x_wconf 90' lang='lat' dir='ltr'>Romanorum</span> <span class='ocrx_word' id='word_1_24' title='bbox 934 1460 1191 1569; x_wconf 85' lang='lat' dir='ltr'>imperatoris,</span> <span class='ocrx_word' id='word_1_25' title='bbox 1212 1461 1348 1544; x_wconf 86' lang='lat' dir='ltr'>fratres</span> <span class='ocrx_word' id='word_1_26' title='bbox 1367 1463 1504 1544; x_wconf 91' lang='lat' dir='ltr'>domus</span> <span class='ocrx_word' id='word_1_27' title='bbox 1523 1463 1841 1546; x_wconf 86' lang='lat' dir='ltr'>Theutonieorum</span> 
     </span>
     <span class='ocr_line' id='line_1_6' title="bbox 406 1592 1840 1704; baseline 0.001 -30"><span class='ocrx_word' id='word_1_28' title='bbox 406 1592 592 1676; x_wconf 81' lang='lat' dir='ltr'>&#39;Sanctae</span> <span class='ocrx_word' id='word_1_29' title='bbox 608 1593 750 1677; x_wconf 87' lang='lat' dir='ltr'>Mariae</span> <span class='ocrx_word' id='word_1_30' title='bbox 767 1594 808 1673; x_wconf 92' lang='lat' dir='ltr'>iu</span> <span class='ocrx_word' id='word_1_31' title='bbox 833 1593 1042 1687; x_wconf 78' lang='lat' dir='ltr'>terusalem</span> <span class='ocrx_word' id='word_1_32' title='bbox 1060 1592 1110 1675; x_wconf 91' lang='lat' dir='ltr'>uh</span> <span class='ocrx_word' id='word_1_33' title='bbox 1136 1594 1242 1677; x_wconf 91' lang='lat' dir='ltr'>omni</span> <span class='ocrx_word' id='word_1_34' title='bbox 1270 1595 1432 1704; x_wconf 88' lang='lat' dir='ltr'>pedagio</span> <span class='ocrx_word' id='word_1_35' title='bbox 1457 1607 1494 1678; x_wconf 88' lang='lat' dir='ltr'>et</span> <span class='ocrx_word' id='word_1_36' title='bbox 1517 1595 1692 1678; x_wconf 89' lang='lat' dir='ltr'>theloneo</span> <span class='ocrx_word' id='word_1_37' title='bbox 1716 1596 1756 1676; x_wconf 93' lang='lat' dir='ltr'>in</span> <span class='ocrx_word' id='word_1_38' title='bbox 1784 1595 1840 1676; x_wconf 93' lang='lat' dir='ltr'>fi-</span> 
     </span>
     <span class='ocr_line' id='line_1_7' title="bbox 430 1725 1135 1836; baseline -0.001 -29"><span class='ocrx_word' id='word_1_39' title='bbox 430 1726 546 1809; x_wconf 90' lang='lat' dir='ltr'>nibus</span> <span class='ocrx_word' id='word_1_40' title='bbox 563 1727 673 1836; x_wconf 85' lang='lat' dir='ltr'>regni</span> <span class='ocrx_word' id='word_1_41' title='bbox 691 1726 751 1808; x_wconf 90' lang='lat' dir='ltr'>sui</span> <span class='ocrx_word' id='word_1_42' title='bbox 769 1725 910 1809; x_wconf 78' lang='lat' dir='ltr'>liberos</span> <span class='ocrx_word' id='word_1_43' title='bbox 927 1726 1135 1809; x_wconf 84' lang='lat' dir='ltr'>eonstituit.</span> 
     </span>
    </p>
   </div>
   <div class='ocr_carea' id='block_1_5' title="bbox 1925 1438 2023 1488">
    <p class='ocr_par' dir='ltr' id='par_1_5' title="bbox 1925 1438 2023 1488">
     <span class='ocr_line' id='line_1_8' title="bbox 1925 1438 2023 1488; baseline 0.02 -13"><span class='ocrx_word' id='word_1_44' title='bbox 1925 1445 1969 1488; x_wconf 75' lang='lat' dir='ltr'>aug</span> <span class='ocrx_word' id='word_1_45' title='bbox 1986 1438 2023 1477; x_wconf 79' lang='lat' dir='ltr'>stt.</span> 
     </span>
    </p>
   </div>
   <div class='ocr_carea' id='block_1_6' title="bbox 512 1939 1840 2130">
    <p class='ocr_par' dir='ltr' id='par_1_6' title="bbox 512 1939 1840 2130">
     <span class='ocr_line' id='line_1_9' title="bbox 512 1939 1840 2026; baseline 0.003 -22"><span class='ocrx_word' id='word_1_46' title='bbox 512 1943 608 2018; x_wconf 77' lang='lat' dir='ltr'>(Edit.</span> <span class='ocrx_word' id='word_1_47' title='bbox 630 1946 663 2004; x_wconf 84' lang='lat' dir='ltr'>tn</span> <span class='ocrx_word' id='word_1_48' title='bbox 679 1941 904 2024; x_wconf 74' lang='lat' dir='ltr'>Brandentarp.</span> <span class='ocrx_word' id='word_1_49' title='bbox 922 1939 1239 2020; x_wconf 57' lang='lat' dir='ltr'>amputandum,</span> <span class='ocrx_word' id='word_1_50' title='bbox 1255 1961 1285 2022; x_wconf 92' lang='lat' dir='ltr'>p.</span> <span class='ocrx_word' id='word_1_51' title='bbox 1310 1953 1382 2016; x_wconf 81' lang='lat'><strong>1013</strong></span> <span class='ocrx_word' id='word_1_52' title='bbox 1403 1961 1484 2006; x_wconf 86' lang='lat' dir='ltr'>nune</span> <span class='ocrx_word' id='word_1_53' title='bbox 1506 1946 1646 2006; x_wconf 80' lang='lat' dir='ltr'>collatum</span> <span class='ocrx_word' id='word_1_54' title='bbox 1667 1961 1735 2008; x_wconf 89' lang='lat' dir='ltr'>eum</span> <span class='ocrx_word' id='word_1_55' title='bbox 1756 1949 1840 2026; x_wconf 88' lang='lat' dir='ltr'>oopta</span> 
     </span>
     <span class='ocr_line' id='line_1_10' title="bbox 550 2050 1143 2130; baseline 0.003 -20"><span class='ocrx_word' id='word_1_56' title='bbox 550 2050 720 2112; x_wconf 82' lang='lat' dir='ltr'>authentica</span> <span class='ocrx_word' id='word_1_57' title='bbox 732 2054 765 2112; x_wconf 91' lang='lat' dir='ltr'>in</span> <span class='ocrx_word' id='word_1_58' title='bbox 778 2051 898 2114; x_wconf 77' lang='lat' dir='ltr'>uenire</span> <span class='ocrx_word' id='word_1_59' title='bbox 911 2051 1143 2130; x_wconf 84' lang='lat' dir='ltr'>Stuttgarteusi.)</span> 
     </span>
    </p>
   </div>
   <div class='ocr_carea' id='block_1_7' title="bbox 421 2236 1839 4321">
    <p class='ocr_par' dir='ltr' id='par_1_7' title="bbox 422 2236 1839 4050">
     <span class='ocr_line' id='line_1_11' title="bbox 478 2236 1839 2332; baseline 0.001 -24"><span class='ocrx_word' id='word_1_60' title='bbox 478 2236 667 2327; x_wconf 88' lang='lat' dir='ltr'>Henrious,</span> <span class='ocrx_word' id='word_1_61' title='bbox 692 2237 754 2310; x_wconf 85' lang='lat' dir='ltr'>Dei</span> <span class='ocrx_word' id='word_1_62' title='bbox 782 2237 892 2330; x_wconf 91' lang='lat' dir='ltr'>gratia</span> <span class='ocrx_word' id='word_1_63' title='bbox 914 2238 1145 2310; x_wconf 84' lang='lat' dir='ltr'>Romanorum</span> <span class='ocrx_word' id='word_1_64' title='bbox 1162 2258 1227 2310; x_wconf 83' lang='lat' dir='ltr'>rex</span> <span class='ocrx_word' id='word_1_65' title='bbox 1246 2245 1281 2309; x_wconf 89' lang='lat' dir='ltr'>et</span> <span class='ocrx_word' id='word_1_66' title='bbox 1302 2257 1436 2332; x_wconf 88' lang='lat' dir='ltr'>semper</span> <span class='ocrx_word' id='word_1_67' title='bbox 1454 2245 1641 2330; x_wconf 88' lang='lat' dir='ltr'>augustus,</span> <span class='ocrx_word' id='word_1_68' title='bbox 1668 2237 1839 2310; x_wconf 89' lang='lat' dir='ltr'>universis</span> 
     </span>
     <span class='ocr_line' id='line_1_12' title="bbox 428 2359 1839 2456; baseline -0.001 -23"><span class='ocrx_word' id='word_1_69' title='bbox 428 2360 564 2456; x_wconf 88' lang='lat' dir='ltr'>imperii</span> <span class='ocrx_word' id='word_1_70' title='bbox 582 2359 745 2434; x_wconf 85' lang='lat' dir='ltr'>fidelibus</span> <span class='ocrx_word' id='word_1_71' title='bbox 765 2372 800 2434; x_wconf 92' lang='lat' dir='ltr'>et</span> <span class='ocrx_word' id='word_1_72' title='bbox 823 2361 981 2434; x_wconf 88' lang='lat' dir='ltr'>officiatis</span> <span class='ocrx_word' id='word_1_73' title='bbox 999 2362 1089 2433; x_wconf 89' lang='lat' dir='ltr'>hano</span> <span class='ocrx_word' id='word_1_74' title='bbox 1115 2361 1262 2434; x_wconf 77' lang='lat' dir='ltr'><strong>litteram</strong></span> <span class='ocrx_word' id='word_1_75' title='bbox 1287 2361 1492 2456; x_wconf 86' lang='lat' dir='ltr'>inspecturis</span> <span class='ocrx_word' id='word_1_76' title='bbox 1513 2361 1657 2454; x_wconf 87' lang='lat' dir='ltr'>gratiam</span> <span class='ocrx_word' id='word_1_77' title='bbox 1680 2383 1778 2434; x_wconf 88' lang='lat' dir='ltr'>suem</span> <span class='ocrx_word' id='word_1_78' title='bbox 1805 2371 1839 2434; x_wconf 89' lang='lat' dir='ltr'>et</span> 
     </span>
     <span class='ocr_line' id='line_1_13' title="bbox 426 2483 1838 2558; baseline 0.001 -1"><span class='ocrx_word' id='word_1_79' title='bbox 426 2505 530 2557; x_wconf 89' lang='lat' dir='ltr'>omne</span> <span class='ocrx_word' id='word_1_80' title='bbox 557 2485 700 2557; x_wconf 89' lang='lat' dir='ltr'>bonum.</span> <span class='ocrx_word' id='word_1_81' title='bbox 729 2485 815 2557; x_wconf 84' lang='lat' dir='ltr'>Cum</span> <span class='ocrx_word' id='word_1_82' title='bbox 837 2485 953 2557; x_wconf 83' lang='lat' dir='ltr'>dilecti</span> <span class='ocrx_word' id='word_1_83' title='bbox 977 2483 1098 2558; x_wconf 87' lang='lat' dir='ltr'>fideles</span> <span class='ocrx_word' id='word_1_84' title='bbox 1128 2486 1235 2558; x_wconf 83' lang='lat' dir='ltr'><strong>nostri</strong></span> <span class='ocrx_word' id='word_1_85' title='bbox 1261 2487 1381 2558; x_wconf 84' lang='lat' dir='ltr'>fratres</span> <span class='ocrx_word' id='word_1_86' title='bbox 1404 2484 1529 2557; x_wconf 90' lang='lat' dir='ltr'>domus</span> <span class='ocrx_word' id='word_1_87' title='bbox 1553 2484 1838 2558; x_wconf 88' lang='lat' dir='ltr'>Theutonioorum</span> 
     </span>
     <span class='ocr_line' id='line_1_14' title="bbox 426 2608 1836 2704; baseline 0 -23"><span class='ocrx_word' id='word_1_88' title='bbox 426 2609 552 2682; x_wconf 87' lang='lat' dir='ltr'>Sancte</span> <span class='ocrx_word' id='word_1_89' title='bbox 568 2611 677 2682; x_wconf 84' lang='lat' dir='ltr'>Maris</span> <span class='ocrx_word' id='word_1_90' title='bbox 697 2611 734 2681; x_wconf 90' lang='lat' dir='ltr'>in</span> <span class='ocrx_word' id='word_1_91' title='bbox 752 2611 941 2682; x_wconf 75' lang='lat' dir='ltr'><strong>Jerusalem</strong></span> <span class='ocrx_word' id='word_1_92' title='bbox 961 2631 982 2682; x_wconf 92' lang='lat' dir='ltr'>a</span> <span class='ocrx_word' id='word_1_93' title='bbox 998 2610 1218 2684; x_wconf 86' lang='lat' dir='ltr'>serenissimo</span> <span class='ocrx_word' id='word_1_94' title='bbox 1234 2608 1376 2682; x_wconf 91' lang='lat' dir='ltr'>domino</span> <span class='ocrx_word' id='word_1_95' title='bbox 1399 2608 1601 2704; x_wconf 82' lang='lat' dir='ltr'>imperatore</span> <span class='ocrx_word' id='word_1_96' title='bbox 1619 2609 1836 2703; x_wconf 85' lang='lat' dir='ltr'>privilegium</span> 
     </span>
     <span class='ocr_line' id='line_1_15' title="bbox 427 2733 1834 2830; baseline 0.001 -26"><span class='ocrx_word' id='word_1_97' title='bbox 427 2733 579 2806; x_wconf 88' lang='lat' dir='ltr'>habeant</span> <span class='ocrx_word' id='word_1_98' title='bbox 596 2734 746 2828; x_wconf 84' lang='lat' dir='ltr'>speciale</span> <span class='ocrx_word' id='word_1_99' title='bbox 768 2744 809 2806; x_wconf 89' lang='lat' dir='ltr'>ut</span> <span class='ocrx_word' id='word_1_100' title='bbox 824 2735 959 2807; x_wconf 88' lang='lat' dir='ltr'>nullum</span> <span class='ocrx_word' id='word_1_101' title='bbox 972 2733 1178 2830; x_wconf 78' lang='lat' dir='ltr'>pedagium,</span> <span class='ocrx_word' id='word_1_102' title='bbox 1201 2734 1337 2806; x_wconf 89' lang='lat' dir='ltr'>nullum</span> <span class='ocrx_word' id='word_1_103' title='bbox 1354 2733 1524 2806; x_wconf 75' lang='lat' dir='ltr'>teloneum</span> <span class='ocrx_word' id='word_1_104' title='bbox 1543 2733 1587 2806; x_wconf 90' lang='lat' dir='ltr'>do</span> <span class='ocrx_word' id='word_1_105' title='bbox 1602 2735 1757 2828; x_wconf 89' lang='lat' dir='ltr'>personis</span> <span class='ocrx_word' id='word_1_106' title='bbox 1779 2737 1834 2807; x_wconf 89' lang='lat' dir='ltr'>vol</span> 
     </span>
     <span class='ocr_line' id='line_1_16' title="bbox 427 2859 1835 2955; baseline 0.001 -24"><span class='ocrx_word' id='word_1_107' title='bbox 427 2859 531 2931; x_wconf 87' lang='lat' dir='ltr'>rebus</span> <span class='ocrx_word' id='word_1_108' title='bbox 548 2861 622 2931; x_wconf 91' lang='lat' dir='ltr'>suis</span> <span class='ocrx_word' id='word_1_109' title='bbox 637 2861 770 2932; x_wconf 88' lang='lat' dir='ltr'>solvero</span> <span class='ocrx_word' id='word_1_110' title='bbox 787 2869 987 2949; x_wconf 89' lang='lat' dir='ltr'>teneantur,</span> <span class='ocrx_word' id='word_1_111' title='bbox 1011 2880 1163 2954; x_wconf 87' lang='lat' dir='ltr'>eumque</span> <span class='ocrx_word' id='word_1_112' title='bbox 1178 2881 1241 2955; x_wconf 88' lang='lat' dir='ltr'>per</span> <span class='ocrx_word' id='word_1_113' title='bbox 1252 2859 1379 2932; x_wconf 90' lang='lat' dir='ltr'>devota</span> <span class='ocrx_word' id='word_1_114' title='bbox 1396 2859 1562 2952; x_wconf 90' lang='lat' dir='ltr'>obsequia</span> <span class='ocrx_word' id='word_1_115' title='bbox 1574 2881 1637 2932; x_wconf 89' lang='lat' dir='ltr'>sua</span> <span class='ocrx_word' id='word_1_116' title='bbox 1654 2881 1722 2954; x_wconf 91' lang='lat' dir='ltr'>que</span> <span class='ocrx_word' id='word_1_117' title='bbox 1735 2861 1835 2933; x_wconf 91' lang='lat' dir='ltr'>nobis</span> 
     </span>
     <span class='ocr_line' id='line_1_17' title="bbox 427 2982 1834 3079; baseline 0.001 -24"><span class='ocrx_word' id='word_1_118' title='bbox 427 2995 462 3055; x_wconf 89' lang='lat' dir='ltr'>et</span> <span class='ocrx_word' id='word_1_119' title='bbox 477 2983 621 3078; x_wconf 88' lang='lat' dir='ltr'>imperio</span> <span class='ocrx_word' id='word_1_120' title='bbox 634 2983 693 3057; x_wconf 90' lang='lat' dir='ltr'>die</span> <span class='ocrx_word' id='word_1_121' title='bbox 710 2994 885 3079; x_wconf 88' lang='lat' dir='ltr'>noctuque</span> <span class='ocrx_word' id='word_1_122' title='bbox 893 2983 1073 3070; x_wconf 81' lang='lat' dir='ltr'>exhibent,</span> <span class='ocrx_word' id='word_1_123' title='bbox 1087 2983 1277 3057; x_wconf 83' lang='lat' dir='ltr'>meruerint</span> <span class='ocrx_word' id='word_1_124' title='bbox 1291 2992 1326 3056; x_wconf 90' lang='lat' dir='ltr'>et</span> <span class='ocrx_word' id='word_1_125' title='bbox 1337 2983 1523 3079; x_wconf 87' lang='lat' dir='ltr'>promereri</span> <span class='ocrx_word' id='word_1_126' title='bbox 1537 2982 1670 3077; x_wconf 87' lang='lat' dir='ltr'>possint</span> <span class='ocrx_word' id='word_1_127' title='bbox 1684 2984 1718 3054; x_wconf 93' lang='lat' dir='ltr'>in</span> <span class='ocrx_word' id='word_1_128' title='bbox 1733 2993 1834 3056; x_wconf 87' lang='lat' dir='ltr'>antea</span> 
     </span>
     <span class='ocr_line' id='line_1_18' title="bbox 426 3107 1834 3202; baseline 0 -22"><span class='ocrx_word' id='word_1_129' title='bbox 426 3108 533 3180; x_wconf 88' lang='lat' dir='ltr'>uteie</span> <span class='ocrx_word' id='word_1_130' title='bbox 550 3107 596 3181; x_wconf 89' lang='lat' dir='ltr'>de</span> <span class='ocrx_word' id='word_1_131' title='bbox 609 3108 824 3202; x_wconf 77' lang='lat' dir='ltr'>benignitate</span> <span class='ocrx_word' id='word_1_132' title='bbox 843 3108 939 3201; x_wconf 88' lang='lat' dir='ltr'>regia</span> <span class='ocrx_word' id='word_1_133' title='bbox 956 3119 1135 3180; x_wconf 90' lang='lat' dir='ltr'>teneamur</span> <span class='ocrx_word' id='word_1_134' title='bbox 1148 3109 1260 3180; x_wconf 68' lang='lat' dir='ltr'>meere</span> <span class='ocrx_word' id='word_1_135' title='bbox 1276 3107 1419 3202; x_wconf 80' lang='lat' dir='ltr'>gratiam</span> <span class='ocrx_word' id='word_1_136' title='bbox 1436 3107 1635 3202; x_wconf 86' lang='lat' dir='ltr'>specialem,</span> <span class='ocrx_word' id='word_1_137' title='bbox 1657 3108 1834 3181; x_wconf 84' lang='lat' dir='ltr'>universi-</span> 
     </span>
     <span class='ocr_line' id='line_1_19' title="bbox 425 3229 1834 3328; baseline -0.001 -25"><span class='ocrx_word' id='word_1_138' title='bbox 425 3232 487 3303; x_wconf 90' lang='lat' dir='ltr'>tati</span> <span class='ocrx_word' id='word_1_139' title='bbox 505 3241 618 3305; x_wconf 88' lang='lat' dir='ltr'>vestrs</span> <span class='ocrx_word' id='word_1_140' title='bbox 632 3233 972 3328; x_wconf 88' lang='lat' dir='ltr'>tenorepresentium</span> <span class='ocrx_word' id='word_1_141' title='bbox 985 3233 1153 3305; x_wconf 88' lang='lat' dir='ltr'>volumus</span> <span class='ocrx_word' id='word_1_142' title='bbox 1170 3239 1289 3303; x_wconf 91' lang='lat' dir='ltr'>notum</span> <span class='ocrx_word' id='word_1_143' title='bbox 1310 3229 1497 3326; x_wconf 89' lang='lat' dir='ltr'>essequod</span> <span class='ocrx_word' id='word_1_144' title='bbox 1516 3252 1578 3303; x_wconf 87' lang='lat' dir='ltr'>nos</span> <span class='ocrx_word' id='word_1_145' title='bbox 1593 3231 1639 3304; x_wconf 92' lang='lat' dir='ltr'>ab</span> <span class='ocrx_word' id='word_1_146' title='bbox 1657 3233 1752 3304; x_wconf 90' lang='lat' dir='ltr'>omni</span> <span class='ocrx_word' id='word_1_147' title='bbox 1768 3255 1834 3328; x_wconf 81' lang='lat' dir='ltr'>pe-</span> 
     </span>
     <span class='ocr_line' id='line_1_20' title="bbox 425 3354 1835 3451; baseline 0.001 -21"><span class='ocrx_word' id='word_1_148' title='bbox 425 3355 531 3450; x_wconf 88' lang='lat' dir='ltr'>dagio</span> <span class='ocrx_word' id='word_1_149' title='bbox 549 3366 584 3428; x_wconf 89' lang='lat' dir='ltr'>et</span> <span class='ocrx_word' id='word_1_150' title='bbox 600 3355 645 3427; x_wconf 89' lang='lat' dir='ltr'>ab</span> <span class='ocrx_word' id='word_1_151' title='bbox 658 3356 755 3427; x_wconf 89' lang='lat' dir='ltr'>omni</span> <span class='ocrx_word' id='word_1_152' title='bbox 772 3377 900 3450; x_wconf 89' lang='lat' dir='ltr'>genere</span> <span class='ocrx_word' id='word_1_153' title='bbox 920 3355 1071 3428; x_wconf 84' lang='lat' dir='ltr'>thelonei</span> <span class='ocrx_word' id='word_1_154' title='bbox 1089 3357 1126 3426; x_wconf 92' lang='lat' dir='ltr'>in</span> <span class='ocrx_word' id='word_1_155' title='bbox 1143 3354 1272 3428; x_wconf 85' lang='lat' dir='ltr'>finibus</span> <span class='ocrx_word' id='word_1_156' title='bbox 1286 3355 1383 3447; x_wconf 90' lang='lat' dir='ltr'>regni</span> <span class='ocrx_word' id='word_1_157' title='bbox 1399 3356 1504 3428; x_wconf 89' lang='lat' dir='ltr'>nostri</span> <span class='ocrx_word' id='word_1_158' title='bbox 1521 3355 1693 3451; x_wconf 87' lang='lat' dir='ltr'>predictos</span> <span class='ocrx_word' id='word_1_159' title='bbox 1714 3358 1835 3432; x_wconf 81' lang='lat' dir='ltr'>fratres</span> 
     </span>
     <span class='ocr_line' id='line_1_21' title="bbox 425 3479 1833 3573; baseline 0.002 -19"><span class='ocrx_word' id='word_1_160' title='bbox 425 3481 551 3554; x_wconf 91' lang='lat' dir='ltr'>domus</span> <span class='ocrx_word' id='word_1_161' title='bbox 565 3479 853 3554; x_wconf 87' lang='lat' dir='ltr'>Theutonioorum</span> <span class='ocrx_word' id='word_1_162' title='bbox 868 3481 1055 3554; x_wconf 81' lang='lat' dir='ltr'>eximimus</span> <span class='ocrx_word' id='word_1_163' title='bbox 1066 3490 1101 3553; x_wconf 88' lang='lat' dir='ltr'>et</span> <span class='ocrx_word' id='word_1_164' title='bbox 1114 3481 1241 3554; x_wconf 90' lang='lat' dir='ltr'>liberos</span> <span class='ocrx_word' id='word_1_165' title='bbox 1250 3481 1511 3571; x_wconf 82' lang='lat' dir='ltr'>eonstituimus3</span> <span class='ocrx_word' id='word_1_166' title='bbox 1530 3481 1833 3573; x_wconf 88' lang='lat' dir='ltr'>regiaauotoritate</span> 
     </span>
     <span class='ocr_line' id='line_1_22' title="bbox 424 3603 1833 3701; baseline 0.002 -23"><span class='ocrx_word' id='word_1_167' title='bbox 424 3605 631 3678; x_wconf 80' lang='lat' dir='ltr'>mandantes</span> <span class='ocrx_word' id='word_1_168' title='bbox 647 3605 749 3678; x_wconf 87' lang='lat' dir='ltr'>vobis</span> <span class='ocrx_word' id='word_1_169' title='bbox 762 3613 797 3677; x_wconf 88' lang='lat' dir='ltr'>et</span> <span class='ocrx_word' id='word_1_170' title='bbox 809 3606 876 3677; x_wconf 91' lang='lat' dir='ltr'>sub</span> <span class='ocrx_word' id='word_1_171' title='bbox 894 3626 984 3701; x_wconf 91' lang='lat' dir='ltr'>pena</span> <span class='ocrx_word' id='word_1_172' title='bbox 998 3605 1108 3696; x_wconf 88' lang='lat' dir='ltr'>gratie</span> <span class='ocrx_word' id='word_1_173' title='bbox 1123 3615 1239 3678; x_wconf 89' lang='lat' dir='ltr'>nostro</span> <span class='ocrx_word' id='word_1_174' title='bbox 1256 3603 1449 3678; x_wconf 83' lang='lat' dir='ltr'>firmissime</span> <span class='ocrx_word' id='word_1_175' title='bbox 1464 3605 1691 3701; x_wconf 81' lang='lat' dir='ltr'>precipientes</span> <span class='ocrx_word' id='word_1_176' title='bbox 1705 3616 1743 3678; x_wconf 91' lang='lat' dir='ltr'>ut</span> <span class='ocrx_word' id='word_1_177' title='bbox 1759 3610 1833 3681; x_wconf 93' lang='lat' dir='ltr'>nul·</span> 
     </span>
     <span class='ocr_line' id='line_1_23' title="bbox 422 3729 1830 3824; baseline 0.003 -22"><span class='ocrx_word' id='word_1_178' title='bbox 422 3733 480 3802; x_wconf 88' lang='lat' dir='ltr'>lus</span> <span class='ocrx_word' id='word_1_179' title='bbox 509 3730 553 3802; x_wconf 91' lang='lat' dir='ltr'>sit</span> <span class='ocrx_word' id='word_1_180' title='bbox 579 3731 638 3824; x_wconf 91' lang='lat' dir='ltr'>qui</span> <span class='ocrx_word' id='word_1_181' title='bbox 667 3739 862 3823; x_wconf 86' lang='lat' dir='ltr'>prenotatos</span> <span class='ocrx_word' id='word_1_182' title='bbox 888 3731 1009 3802; x_wconf 88' lang='lat' dir='ltr'>fratres</span> <span class='ocrx_word' id='word_1_183' title='bbox 1032 3729 1069 3801; x_wconf 92' lang='lat' dir='ltr'>iu</span> <span class='ocrx_word' id='word_1_184' title='bbox 1094 3731 1159 3802; x_wconf 88' lang='lat' dir='ltr'>hae</span> <span class='ocrx_word' id='word_1_185' title='bbox 1182 3731 1292 3824; x_wconf 89' lang='lat' dir='ltr'>gratia</span> <span class='ocrx_word' id='word_1_186' title='bbox 1317 3739 1433 3803; x_wconf 91' lang='lat' dir='ltr'>nostra</span> <span class='ocrx_word' id='word_1_187' title='bbox 1453 3741 1627 3824; x_wconf 91' lang='lat' dir='ltr'>presumat</span> <span class='ocrx_word' id='word_1_188' title='bbox 1652 3733 1830 3806; x_wconf 88' lang='lat' dir='ltr'>oooasione</span> 
     </span>
     <span class='ocr_line' id='line_1_24' title="bbox 423 3853 1830 3950; baseline 0.003 -24"><span class='ocrx_word' id='word_1_189' title='bbox 423 3853 541 3948; x_wconf 85' lang='lat' dir='ltr'>aliqua</span> <span class='ocrx_word' id='word_1_190' title='bbox 568 3853 751 3948; x_wconf 90' lang='lat' dir='ltr'>impedire.</span> <span class='ocrx_word' id='word_1_191' title='bbox 772 3853 874 3939; x_wconf 89' lang='lat' dir='ltr'>Quod</span> <span class='ocrx_word' id='word_1_192' title='bbox 894 3853 956 3948; x_wconf 91' lang='lat' dir='ltr'>qui</span> <span class='ocrx_word' id='word_1_193' title='bbox 975 3854 1095 3927; x_wconf 83' lang='lat' dir='ltr'>fooerit</span> <span class='ocrx_word' id='word_1_194' title='bbox 1110 3853 1382 3950; x_wconf 89' lang='lat' dir='ltr'>indignationem</span> <span class='ocrx_word' id='word_1_195' title='bbox 1408 3863 1559 3927; x_wconf 88' lang='lat' dir='ltr'>nostram</span> <span class='ocrx_word' id='word_1_196' title='bbox 1583 3877 1621 3928; x_wconf 88' lang='lat' dir='ltr'>so</span> <span class='ocrx_word' id='word_1_197' title='bbox 1638 3856 1762 3929; x_wconf 89' lang='lat' dir='ltr'>sentiet</span> <span class='ocrx_word' id='word_1_198' title='bbox 1777 3859 1830 3930; x_wconf 91' lang='lat' dir='ltr'>in·</span> 
     </span>
     <span class='ocr_line' id='line_1_25' title="bbox 422 3977 585 4050; baseline -0.006 -1"><span class='ocrx_word' id='word_1_199' title='bbox 422 3977 585 4050; x_wconf 87' lang='lat' dir='ltr'>ourrisse.</span> 
     </span>
    </p>

    <p class='ocr_par' dir='ltr' id='par_1_8' title="bbox 421 4099 1825 4321">
     <span class='ocr_line' id='line_1_26' title="bbox 469 4099 1825 4198; baseline 0.004 -27"><span class='ocrx_word' id='word_1_200' title='bbox 469 4102 596 4172; x_wconf 90' lang='lat' dir='ltr'>Datum</span> <span class='ocrx_word' id='word_1_201' title='bbox 625 4099 719 4196; x_wconf 91' lang='lat' dir='ltr'>apud</span> <span class='ocrx_word' id='word_1_202' title='bbox 741 4103 959 4193; x_wconf 87' lang='lat' dir='ltr'>Nurimbero,</span> <span class='ocrx_word' id='word_1_203' title='bbox 986 4123 1079 4176; x_wconf 89' lang='lat' dir='ltr'>anno</span> <span class='ocrx_word' id='word_1_204' title='bbox 1098 4101 1271 4176; x_wconf 89' lang='lat' dir='ltr'>dominice</span> <span class='ocrx_word' id='word_1_205' title='bbox 1296 4103 1540 4176; x_wconf 84' lang='lat' dir='ltr'>incarnationis</span> <span class='ocrx_word' id='word_1_206' title='bbox 1569 4102 1825 4198; x_wconf 72' lang='lat' dir='ltr'>nitemur,</span> 
     </span>
     <span class='ocr_line' id='line_1_27' title="bbox 421 4224 1201 4321; baseline 0.003 -24"><span class='ocrx_word' id='word_1_207' title='bbox 421 4226 455 4297; x_wconf 87' lang='lat' dir='ltr'>X</span> <span class='ocrx_word' id='word_1_208' title='bbox 471 4224 640 4298; x_wconf 83' lang='lat' dir='ltr'>kalendas</span> <span class='ocrx_word' id='word_1_209' title='bbox 654 4227 877 4321; x_wconf 90' lang='lat' dir='ltr'>septembris,</span> <span class='ocrx_word' id='word_1_210' title='bbox 898 4226 1086 4300; x_wconf 83' lang='lat' dir='ltr'>indictione</span> <span class='ocrx_word' id='word_1_211' title='bbox 1096 4227 1201 4301; x_wconf 75' lang='lat' dir='ltr'>vlt-⁰.</span> 
     </span>
    </p>
   </div>
   <div class='ocr_carea' id='block_1_8' title="bbox 422 4779 2011 5028">
    <p class='ocr_par' dir='ltr' id='par_1_9' title="bbox 422 4779 2011 5028">
     <span class='ocr_line' id='line_1_28' title="bbox 474 4779 1974 4892; baseline 0.006 -31"><span class='ocrx_word' id='word_1_212' title='bbox 474 4779 680 4888; x_wconf 82' lang='lat' dir='ltr'>Heurious‚</span> <span class='ocrx_word' id='word_1_213' title='bbox 712 4779 973 4864; x_wconf 85' lang='lat' dir='ltr'>Romanorum</span> <span class='ocrx_word' id='word_1_214' title='bbox 1005 4806 1091 4889; x_wconf 83' lang='lat' dir='ltr'>rex,</span> <span class='ocrx_word' id='word_1_215' title='bbox 1127 4779 1310 4864; x_wconf 87' lang='lat' dir='ltr'>fratribus</span> <span class='ocrx_word' id='word_1_216' title='bbox 1341 4782 1480 4864; x_wconf 91' lang='lat' dir='ltr'>domus</span> <span class='ocrx_word' id='word_1_217' title='bbox 1511 4781 1829 4867; x_wconf 83' lang='lat' dir='ltr'>Theutonioorum</span> <span class='ocrx_word' id='word_1_218' title='bbox 1911 4827 1974 4892; x_wconf 62' lang='lat' dir='ltr'>upra</span> 
     </span>
     <span class='ocr_line' id='line_1_29' title="bbox 422 4883 2011 5028; baseline 0.001 -32"><span class='ocrx_word' id='word_1_219' title='bbox 422 4911 583 4996; x_wconf 85' lang='lat' dir='ltr'>Sanctae</span> <span class='ocrx_word' id='word_1_220' title='bbox 604 4913 745 4999; x_wconf 83' lang='lat' dir='ltr'>Mariae</span> <span class='ocrx_word' id='word_1_221' title='bbox 770 4913 812 4995; x_wconf 92' lang='lat' dir='ltr'>in</span> <span class='ocrx_word' id='word_1_222' title='bbox 835 4913 1041 4998; x_wconf 84' lang='lat' dir='ltr'>Jerusalem</span> <span class='ocrx_word' id='word_1_223' title='bbox 1068 4915 1172 5023; x_wconf 92' lang='lat' dir='ltr'>apud</span> <span class='ocrx_word' id='word_1_224' title='bbox 1197 4914 1439 5026; x_wconf 84' lang='lat' dir='ltr'>Nurenberg,</span> <span class='ocrx_word' id='word_1_225' title='bbox 1469 4925 1622 5025; x_wconf 91' lang='lat' dir='ltr'>propter</span> <span class='ocrx_word' id='word_1_226' title='bbox 1648 4916 1830 5028; x_wconf 89' lang='lat' dir='ltr'>obsequia</span> <span class='ocrx_word' id='word_1_227' title='bbox 1875 4883 2011 4988; x_wconf 52' lang='lat' dir='ltr'>dm?</span> 
     </span>
    </p>
   </div>
   <div class='ocr_carea' id='block_1_9' title="bbox 0 0 2434 6359">
    <p class='ocr_par' dir='ltr' id='par_1_10' title="bbox 0 0 2434 6359">
     <span class='ocr_line' id='line_1_30' title="bbox 0 0 2434 6359; baseline 0 4"><span class='ocrx_word' id='word_1_228' title='bbox 0 0 2434 6359; x_wconf 95' lang='lat' dir='ltr'> </span> 
     </span>
    </p>
   </div>
  </div>
 </body>
</html>
