4859 6359
412 739 509 799 100000.
525 738 570 816 8]
857 734 1055 796 HISTORIA
1081 734 1375 797 ntrtonnrlcrt.
1763 737 1821 799 ¹105

413 871 498 943 mini
518 871 655 943 ilenrici
671 869 881 942 serenissimi
899 870 992 962 regis
1006 871 1239 944 Romanorum
1254 881 1288 943 et
1303 869 1464 944 dominus
1479 869 1688 943 Waltherius
1700 870 1819 944 archi-

414 995 581 1069 diaconus
595 992 852 1088 llerbipolensis
867 1002 903 1066 et
917 992 1049 1067 domini
1063 995 1155 1090 regis
1178 995 1394 1089 capellanus,
1423 994 1526 1066 ambo
1539 993 1652 1066 nuntii
1667 1005 1702 1066 et
1718 994 1822 1089 legati

414 1119 632 1214 suprascripti
653 1117 786 1191 domini
808 1117 901 1211 regis
924 1126 960 1190 et
983 1117 1152 1192 habentus
1173 1119 1322 1214 speciale
1350 1115 1550 1190 mandatum
1576 1117 1768 1190 securitatis
1787 1127 1822 1191 ct

414 1241 634 1315 concordiam
648 1252 683 1315 01
696 1243 892 1334 juramenta
904 1241 1055 1315 faciendi
1073 1264 1135 1338 pro
1157 1243 1284 1337 prelato
1301 1241 1441 1315 dominc
1458 1263 1540 1334 rege
1563 1253 1597 1314 et
1616 1243 1653 1314 in
1669 1242 1820 1315 animam

414 1367 508 1458 ejus,
527 1373 630 1461 prout
651 1365 689 1436 in
714 1365 834 1438 litteris
858 1339 969 1460 ipsius
991 1367 1123 1440 domini
1147 1366 1238 1460 regis
1259 1367 1371 1460 sigillo
1395 1365 1539 1459 signatis
1560 1365 1818 1458 continebatnr;

413 1511 561 1584 quarum
581 1500 680 1563 tenor
697 1489 774 1562 talis
797 1499 853 1562 est
876 1488 925 1585 (0)
950 1515 960 1560 :
989 1487 1195 1587 [Sequuntur
1212 1502 1276 1562 tres
1295 1490 1437 1576 litterae,
1466 1511 1610 1583 quorum
1622 1491 1753 1582 primas
1775 1491 1823 1562 01

415 1616 597 1708 intepuere,
621 1613 781 1686 10000100
803 1635 881 1685 cero
905 1623 938 1686 01
962 1615 1078 1686 tertias
1099 1615 1340 1708 compendiario
1360 1615 1596 1700 0011101000,
1623 1636 1658 1708 p.
1688 1614 1758 1684 695
1786 1622 1821 1686 et

417 1735 515 1835 696],
531 1759 611 1810 cum
620 1737 936 1811 Mediolanensibus
950 1747 986 1811 01
1001 1758 1120 1812 eorum
1131 1738 1252 1810 amicis
1264 1747 1298 1809 et
1310 1739 1470 1811 societate
1482 1737 1684 1810 lombardie
1688 1791 1817 1810 .....

415 1872 579 1956 quaeunt
594 1862 640 1934 10
661 1861 822 1935 societate
837 1870 872 1933 et
893 1861 1043 1934 amicitia
1065 1861 1268 1952 Mediolani,
1295 1862 1513 1956 presentibus
1534 1860 1675 1934 domino
1699 1861 1823 1934 comite

416 1985 594 2058 Manlredo
618 1985 664 2058 de
687 1986 789 2058 Curta
812 1985 913 2057 Nova
938 1993 1103 2080 potestate
1123 1983 1309 2058 Mediolani
1331 1994 1366 2057 et
1387 1985 1611 2081 infrascriptis
1637 1985 1825 2059 000100010-

416 2109 548 2181 1001000
573 2109 691 2182 Brixia
710 2119 746 2182 et
763 2107 905 2182 1οωί00
921 2107 1022 2180 Petro
1046 2107 1091 2180 de
1111 2110 1236 2180 Sancto
1253 2109 1352 2182 Petro
1379 2119 1414 2180 et
1431 2107 1604 2182 Ardizono
1621 2109 1821 2204 Cavalasio,

417 2232 700 2305 ambaxatoribus
727 2232 877 2304 civitatis
903 2232 1069 2324 Novaria,
1094 2241 1129 2304 et
1146 2231 1288 2306 domino
1313 2233 1400 2306 Mar.
1429 2233 1474 2306 da
1500 2233 1717 2330 Summaripa
1743 2255 1826 2307 am-

310 2401 316 2407 ·
418 2356 574 2429 basatcre
599 2356 748 2428 civitatis
774 2354 911 2445 Laude,
940 2365 976 2428 et
994 2356 1080 2452 ipsis
1103 2356 1350 2453 recipientibus
1371 2377 1435 2453 pro
1451 2357 1625 2429 communi
1640 2357 1825 2432 Mediolani

418 2488 452 2552 01
468 2501 532 2575 prc
548 2480 772 2553 universitate
787 2480 960 2554 societatis
973 2479 1196 2570 lombardie,
1211 2481 1418 2572 juraverunt
1433 2479 1478 2554 01
1497 2490 1615 2553 000010
1633 2481 1827 2556 [10111000-

419 2601 510 2695 gelia
530 2625 636 2698 super
658 2625 777 2676 eorum
804 2603 921 2676 anima
946 2613 981 2676 et
1007 2603 1044 2675 in
1069 2603 1185 2677 anima
1205 2604 1351 2700 predicti
1377 2603 1508 2677 domini
1533 2605 1624 2699 regis
1653 2604 1751 2701 qnod
1772 2607 1830 2680 ille

420 2725 580 2800 dominus
598 2749 663 2799 rex
681 2726 835 2800 attendet
849 2737 884 2800 01
902 2728 1099 2801 observabit
1113 2739 1148 2803 01
1159 2727 1291 2802 0110011
1307 2729 1409 2801 100101
1422 2728 1671 2824 infrascriptam
1688 2750 1829 2802 concor·

421 2849 512 2922 diam
533 2851 570 2921 10
588 2851 750 2924 omnibus
765 2861 799 2924 01
813 2873 875 2946 per
891 2851 1007 2924 omnia
1023 2851 1114 2924 sicut
1134 2853 1261 2947 scripta
1277 2860 1378 2942 sunt,
1406 2861 1441 2924 et
1456 2852 1552 2946 quod
1569 2852 1695 2924 sacient
1714 2853 1832 2944 jurare

421 2973 612 3069 predictum
642 2974 820 3048 dominum
854 2996 972 3070 regem
1002 2984 1038 3048 et
1066 2976 1242 3072 principes
1271 2975 1474 3050 Alamannia
1504 2985 1543 3046 01
1578 2974 1614 3046 10
1647 2973 1832 3049 000000110

422 3098 607 3193 prescripta
623 3100 835 3180 continetur:
857 3102 958 3193 cujus
973 3109 1071 3173 tenor
1086 3101 1164 3173 talis
1176 3111 1230 3172 est
1249 3128 1258 3171 ε

467 3223 507 3293 10
525 3223 666 3296 nomine
674 3224 824 3296 Domini.
839 3225 1011 3298 lurabunt
1025 3224 1316 3316 Mediolanenses,
1335 3225 1469 3317 Brixia,
1487 3223 1658 3314 Bononia,
1677 3224 1832 3298 marchio

423 3344 680 3438 Montislerrati,
700 3348 869 3441 Novaria,
889 3347 1010 3422 Lauda
1036 3359 1071 3422 et
1090 3350 1157 3422 alie
1173 3349 1330 3422 civitates
1347 3348 1484 3443 aliaque
1508 3349 1584 3420 loca
1601 3357 1636 3420 et
1657 3348 1834 3421 universi·

424 3475 509 3540 tates
527 3467 572 3540 de
586 3469 749 3544 societate
764 3471 950 3545 Mediolani
967 3493 1038 3567 000
1054 3495 1148 3545 0000
1162 3485 1244 3544 0001
1260 3473 1315 3545 001
1332 3473 1369 3543 10
1387 3481 1561 3567 posterum
1574 3479 1688 3563 erunt,
1709 3481 1744 3544 et
1763 3493 1833 3567 que

425 3594 540 3666 volent
557 3596 734 3689 atquibus
759 3598 872 3670 lacere
888 3597 1055 3692 placuerit
1070 3597 1321 3692 infrascriptam
1335 3594 1535 3670 fidelitatem
1550 3604 1585 3669 at
1602 3595 1754 3692 recipere
1776 3596 1835 3668 in-

425 3717 640 3813 frascriptum
664 3721 899 3813 juramentum
936 3720 1126 3815 fidelitatis,
1159 3721 1302 3796 domino
1336 3720 1482 3793 Henrico
1515 3719 1732 3793 serenissimo
1759 3719 1834 3814 regi

425 3841 653 3916 Romanorum
674 3845 743 3918 hoc
757 3845 861 3920 modo
880 3874 890 3919 ε
911 3847 1008 3941 0001
1024 3868 1094 3920 000
1116 3857 1221 3918 erunt
1244 3847 1281 3918 in
1306 3845 1449 3918 consilio
1467 3845 1522 3916 vel
1547 3841 1717 3936 adjutorio
1739 3843 1835 3937 0001

426 3965 547 4059 perdat
567 3969 676 4041 vitam
690 3972 745 4043 vel
766 3971 961 4044 membrum
984 3972 1041 4044 vel
1058 3979 1208 4044 mentem
1235 3979 1296 4044 aut
1317 3992 1419 4042 suum
1440 3967 1604 4041 bonorem
1622 3969 1678 4040 vel
1701 3968 1837 4040 lortiam

426 4098 485 4162 aut
501 4111 663 4164 coronam
685 4095 801 4187 regni,
821 4093 887 4167 sad
903 4095 1096 4169 secundnm
1111 4119 1214 4168 suum
1233 4116 1335 4191 posse
1355 4092 1586 4188 prohibebunt
1612 4101 1648 4163 at
1671 4092 1838 4165 valebunt

427 4213 459 4285 ei
475 4213 568 4286 sicut
584 4216 674 4310 regi,
693 4225 728 4290 01
741 4239 824 4290 eum
841 4218 1029 4292 defendent
1045 4223 1172 4312 atejus
1188 4219 1352 4292 bonorem
1364 4214 1650 4304 manutenebunt,
1667 4223 1701 4287 et
1718 4214 1785 4287 hcc
1798 4215 1835 4288 in

427 4338 604 4432 provincia
616 4339 833 4414 Lambardie.
854 4343 904 4414 Ec
918 4364 964 4415 ex
983 4343 1173 4417 abundanti
1190 4343 1284 4417 dicto
1295 4352 1330 4415 et
1348 4341 1521 4414 intellecto
1532 4338 1628 4432 quod
1643 4346 1782 4433 propter
1795 4337 1836 4411 11-

429 4459 601 4535 delitatem
627 4486 696 4536 non
713 4473 894 4538 teneantur
918 4466 964 4540 ad
989 4468 1228 4562 praelationem
1254 4467 1407 4560 aliquam
1430 4463 1576 4559 pecunie
1594 4461 1697 4534 modo
1720 4462 1837 4556 aliquo

431 4605 493 4658 nec
508 4586 756 4680 aliquomodo.
774 4591 857 4664 ltem
876 4591 972 4686 quod
987 4614 1056 4665 non
1077 4603 1257 4666 teneantur
1272 4590 1318 4664 ad
1338 4589 1462 4660 milites
1477 4589 1533 4660 val
1549 4586 1683 4682 pedites
1703 4586 1837 4660 dandos

469 4745 512 4825 (0)
533 4747 707 4829 1100000οο
723 4753 841 4813 lnltlum
858 4755 1047 4815 instrumenti
1065 4755 1145 4831 apud
1163 4755 1249 4815 Pertz
1266 4753 1363 4825 deest,
1385 4767 1445 4828 000
1464 4766 1553 4811 causa
1572 4750 1738 4824 nesclmus,
1763 4749 1836 4810 dum

431 4851 515 4913 ratde
532 4859 731 4918 necessarlum
744 4861 783 4919 stt
795 4865 827 4920 et
839 4875 909 4921 cum
922 4861 1113 4937 sequentibus
1126 4862 1212 4938 00001
1227 4875 1288 4921 000
1310 4873 1432 4935 corpore
1445 4855 1615 4918 conflatum.

509 4959 564 5021 1v.
585 4973 674 5019 rma
1644 4971 1682 5024 89
