4859 6359
364 758 462 819 unm.
478 752 521 841 'll
815 752 1016 817 HISTORIA
1040 751 1335 815 ulruouautctt
1718 756 1780 820 623

320 866 324 876 ⁴
363 890 553 985 majmtatls
567 898 685 965 nostro
698 889 956 967 eunooesionom
970 908 1115 984 gravare
1137 888 1266 963 audent
1283 889 1342 964 vel
1357 908 1419 961 eos
1431 888 1648 985 aliquatenus
1665 890 1780 987 impe·

365 1014 512 1091 direvol
530 1015 724 1089 molestare.
743 1014 846 1100 Quod
872 1012 1006 1109 siquis
1029 1014 1268 1106 attentaverit,
1293 1013 1435 1107 triginta
1463 1013 1569 1086 libras
1596 1015 1671 1087 anu
1696 1016 1776 1110 puri

364 1160 428 1236 pro
446 1160 537 1234 pena
554 1146 754 1235 componat,
776 1136 961 1212 dimidium
971 1158 1105 1213 camere
1119 1146 1280 1211 nostreet
1291 1137 1463 1233 reliquum
1477 1138 1588 1232 passis
1604 1137 1776 1231 injuriam.

364 1262 421 1336 Ad
439 1264 541 1355 cnjus
559 1258 612 1337 rel
633 1263 814 1337 certamin
832 1266 1005 1357 postuum
1031 1260 1261 1346 evidentiam,
1287 1270 1483 1356 presentem
1510 1263 1673 1357 paginam
1697 1262 1779 1335 inde

365 1386 538 1465 conscribi
549 1380 719 1479 inminens
737 1395 772 1459 et
788 1386 978 1479 majestatis
991 1394 1108 1459 nostre
1126 1386 1241 1481 sigillo
1256 1386 1473 1458 eommuniri.

411 1510 525 1603 Hujus
541 1510 592 1583 rei
610 1514 714 1584 testes
733 1520 840 1583 sunt:
862 1510 1064 1605 Magantine
1089 1508 1182 1583 sedis
1204 1518 1240 1583 et
1259 1510 1478 1582 Treveronsis
1509 1510 1777 1607 archiepiscopi,

364 1633 539 1707 Seinensis
553 1642 588 1707 ot
604 1634 779 1708 Clevensis
796 1634 955 1726 comites,
977 1634 1139 1707 Gerlacus
1150 1632 1195 1708 tle
1206 1632 1407 1727 Budingen,
1425 1633 1593 1707 Henrieus
1605 1634 1650 1708 de
1663 1634 1776 1729 Nilen,

367 1765 401 1829 et
414 1757 472 1829 alii
489 1758 725 1853 quamplures.

412 1881 540 1956 Datum
565 1902 657 1954 anno
682 1878 820 1954 Domini
841 1878 890 1953 ll⁰
904 1878 970 1953 CC'
987 1878 1164 1953 tricesimo
1191 1880 1309 1974 tertio,
1339 1880 1435 1977 apud
1454 1881 1664 1974 Nurinbero,
1690 1880 1780 1953 Xlll⁰

370 2001 534 2077 kalendas
549 2002 716 2093 octobris,
737 1996 927 2077 indietiono
938 2002 1097 2099 septima.

596 2315 685 2325 ..ι-...-
694 2316 879 2327 —m---o
885 2310 1556 2328 ofin—u———aen——q——u-m—-a

417 2584 619 2691 Henricus,
634 2586 896 2671 Romanorum
913 2614 995 2697 rex,
1011 2586 1219 2699 burgravio
1235 2587 1284 2671 de
1301 2588 1445 2673 Werda
1461 2600 1499 2671 et
1515 2588 1665 2700 imperii
1680 2591 1780 2675 lide-
1823 2593 1968 2702 fflffi,

367 2715 467 2799 libus
489 2718 658 2803 notificat
689 2746 730 2803 se
757 2721 918 2805 llemioo
944 2720 1081 2829 meJori
1107 2720 1187 2803 lilio
1215 2721 1325 2803 ducis
1346 2722 1618 2832 lotharingiae
1647 2725 1778 2835 depu—
1803 2703 1832 2745 ω

367 2860 468 2933 tasse
485 2852 670 2937 dueentae
685 2878 836 2937 mareas
853 2854 1088 2939 colonienses
1100 2855 1204 2964 apud
1217 2854 1439 2939 tholoneum
1452 2881 1567 2939 suum
1583 2858 1626 2938 in
1637 2858 1780 2943 Werda

367 2984 566 3065 mnnetim
595 2985 879 3094 percipiendos,
909 2986 1015 3071 salvo
1044 2982 1150 3096 quod
1175 3010 1291 3095 super
1320 2986 1394 3070 hoc
1423 2988 1601 3071 voluutas
1631 2989 1778 3074 domini

366 3113 605 3224 imperatoris
623 3119 853 3227 requiratur.

1844 2702 1986 2757 neptembrh·

446 3354 749 3434 (unumunurm,
767 3356 877 3439 repe
898 3356 1423 3437 dumat,1‚rv.-1.on1e,uod.
1442 3360 1553 3441 Germ,
1567 3362 1609 3437 ll,
1631 3372 1719 3425 roeo.
1738 3396 1779 3410 -

486 3464 647 3546 worm,
664 3463 735 3527 uod.
756 3463 886 3547 dmum,
901 3466 966 3529 loeo
975 3482 1057 3545 supr.
1072 3467 1173 3541 citat,
1187 3483 1219 3545 p.
1235 3475 1307 3542 ott,
1322 3482 1361 3529 ex
1375 3468 1480 3529 mem
1492 3468 1695 3545 chartulario.)

415 3674 602 3767 Hennaea,
630 3675 693 3748 Dei
714 3676 825 3771 gratia
847 3676 1078 3749 Romanorum
1096 3696 1159 3749 rex
1182 3685 1218 3749 et
1235 3696 1372 3771 semper
1393 3685 1579 3769 augustus,
1606 3677 1648 3749 G.
1673 3679 1780 3753 huro-

365 3798 489 3893 gravio
502 3798 547 3873 de
563 3800 692 3875 Worda
709 3809 743 3874 et
759 3800 893 3897 imperii
909 3799 1071 3873 fidelibus
1091 3800 1220 3895 quibus
1238 3822 1380 3896 presens
1397 3800 1509 3875 littera
1524 3804 1628 3875 fuerit
1643 3813 1780 3879 ostensa

366 3921 513 4016 gratiam
530 3944 631 3997 suam
652 3932 687 3997 ot
703 3946 805 3997 omne
820 3924 964 3999 bonum.
984 3926 1115 3997 Tenere
1131 3925 1344 4019 presentium
1366 3934 1595 4021 protestamur
1604 3928 1702 4023 quod
1714 3950 1780 4003 nos

367 4044 493 4120 dilecto
509 4047 604 4120 affini
618 4060 735 4122 nostro
748 4050 894 4123 llenrioo
909 4049 953 4124 de
964 4048 1118 4123 [evenio
1137 4046 1190 4145 (l)
1202 4048 1448 4144 deputavimus
1463 4050 1630 4125 ducentas
1644 4074 1779 4127 marcas

370 4172 582 4246 colonienses
600 4174 695 4271 apud
707 4174 925 4247 theoloneum
943 4183 1098 4249 nostrum
1116 4174 1153 4245 in
1170 4173 1454 4269 Werdasingulis
1465 4176 1565 4249 annu
1580 4177 1779 4271 percipien-

371 4292 450 4385 das3
473 4294 542 4369 hoc
559 4298 744 4391 subjuncto
761 4298 895 4393 quoda
914 4298 1015 4373 nobie
1035 4307 1069 4371 et
1096 4299 1141 4371 ab
1168 4298 1244 4395 ipso
1265 4321 1371 4395 super
1394 4298 1594 4390 hujusmodi
1620 4301 1780 4373 voluntas

372 4418 501 4493 domini
514 4421 732 4519 imperatoris
744 4424 951 4519 requiratur,
967 4424 1088 4519 etipse
1102 4422 1218 4497 medio
1235 4432 1390 4519 tempore
1406 4423 1517 4519 ipsam
1530 4444 1700 4495 summam
1718 4446 1780 4520 pe-

375 4545 472 4619 ounie
485 4546 631 4643 aooipiat
643 4548 790 4642 singulis
801 4549 914 4641 annis,
928 4568 1111 4644 quousque
1122 4556 1237 4621 nostor
1244 4555 1280 4620 et
1291 4569 1378 4620 suus
1391 4546 1532 4619 nuntius
1545 4546 1593 4621 ad
1602 4544 1782 4622 dominum

1580 4746 1770 4761 ,μῶυ

407 4855 442 4929 (t)
460 4856 511 4915 llio
523 4856 654 4931 agitorde
664 4857 717 4919 filio
730 4860 823 4932 majori
833 4859 940 4918 lienum
950 4859 1027 4917 duas
1037 4857 1222 4932 lutheringiae
1232 4862 1261 4914 et
1271 4855 1443 4926 Brabantiae,
1457 4854 1560 4929 dequo
1571 4868 1662 4929 sopra.
