4859 6359
478 1550 580 1597 reeeo
615 1528 624 1555 ’

1190 868 1366 931 sanarer
1393 866 1564 931 suerrus
1893 868 1974 945 [aaa.
1994 866 2078 929 rasa

721 1437 927 1547 chrious,
955 1440 1215 1525 Romanorum
1243 1469 1328 1546 rex,
1354 1442 1585 1527 monasterio
1616 1442 1851 1527 Caesariensi
1883 1443 2080 1553 (llaisers-

667 1567 793 1681 heim)
813 1571 1057 1657 donationem
1079 1572 1338 1657 ministerialis
1356 1574 1416 1657 sui
1433 1574 1599 1657 Heinrici
1613 1575 1662 1657 de
1680 1573 1871 1658 Kallindin
1892 1584 1932 1659 et
1948 1574 2077 1660 uxoris

667 1701 750 1813 ejus
767 1704 816 1789 de
833 1714 1000 1815 quatuor
1016 1708 1224 1791 nominatis
1240 1708 1406 1817 praediis
1418 1707 1511 1791 illuc
1527 1706 1688 1816 lacmm,
1708 1708 1923 1792 confirmat.

747 1942 844 2024 (Edit.
861 1948 893 2007 tn
914 1946 1043 2009 Monuni.
1059 1947 1156 2025 Boia„
1171 1948 1676 2028 tom.xxx,pm1·‚n·vrs,p.
1692 1948 1970 2027 205,exortglnult
1989 1950 2075 2027 culus

783 2052 912 2131 sigillum
935 2056 1042 2133 perlit,
1070 2054 1291 2117 remanentibus
1310 2060 1428 2117 nutum
1448 2053 1508 2117 mu
1534 2056 1677 2135 disruptis
1702 2056 1845 2135 vlolm,
1866 2054 1928 2117 albt
1948 2059 1980 2116 et
2001 2054 2074 2115 duvl

782 2155 914 2238 eolorls.)

711 2370 892 2445 Heinricus
922 2372 1111 2469 septimus,
1150 2372 1273 2448 divina
1306 2375 1444 2449 favente
1470 2374 1651 2449 clementia
1677 2374 1908 2447 Romanorum
1944 2393 2009 2447 rex
2038 2385 2072 2447 et

660 2514 797 2591 semper
823 2505 1005 2591 augustus.
1031 2499 1102 2571 Deo
1130 2498 1275 2572 creatori
1302 2509 1419 2573 nostro
1444 2507 1580 2594 gratum
1605 2508 1641 2572 et
1664 2499 1805 2595 placens
1826 2506 1979 2595 prestere
2001 2518 2069 2571 non

660 2620 870 2716 ambigimus
884 2622 1104 2718 obsequium,
1124 2623 1154 2695 si
1169 2624 1244 2697 loca
1257 2622 1379 2696 divino
1396 2623 1506 2696 cultui
1523 2624 1718 2719 mancipata
1737 2623 1974 2696 curaverimus
1989 2644 2070 2694 am-

659 2746 768 2842 pliare
786 2754 820 2818 st
832 2768 951 2820 eorum
966 2746 1173 2843 promotioni
1199 2768 1242 2820 ac
1260 2745 1452 2821 defensioni
1473 2746 1723 2821 intenderimus
1739 2768 1820 2819 cnm
1838 2746 1977 2818 effectu.
1993 2746 2070 2831 Qua

659 2868 704 2943 de
720 2890 758 2944 re
771 2870 929 2945 noverint
942 2878 1012 2943 tam
1026 2892 1168 2967 presens
1188 2881 1263 2945 etas
1281 2893 1387 2967 quam
1402 2892 1603 2945 successura
1620 2869 1800 2966 posteritas
1821 2869 1918 2965 quod
1940 2890 2005 2943 nos
2023 2868 2068 2943 de

658 2992 758 3090 plena
779 2995 1006 3090 cognovimns
1029 2994 1175 3069 veritate
1190 3006 1227 3069 et
1245 2996 1431 3069 multorum
1451 2994 1606 3069 veridico
1628 3016 1676 3067 ex
1699 2996 1810 3069 relatu
1833 3003 1938 3067 etex
1960 2993 2067 3067 literis

656 3126 690 3191 ct
703 3118 960 3193 confirmatione
981 3120 1189 3194 serenissimi
1208 3120 1342 3194 domini
1359 3120 1575 3216 imperatoris
1591 3118 1700 3215 patris
1714 3118 1822 3191 nostri
1838 3138 1952 3191 coram
1966 3118 2067 3191 nobis

654 3241 761 3325 lecta,
778 3242 874 3337 quod
886 3242 1116 3315 ministerialis
1129 3253 1245 3317 noster
1268 3244 1449 3317 Heinricus
1466 3244 1513 3318 da
1537 3242 1715 3315 Kallindin
1731 3252 1767 3315 et
1783 3264 1875 3315 uxor
1892 3264 1956 3314 sna
1972 3244 2065 3315 Bene

653 3364 728 3462 pavi
741 3374 825 3438 voto
836 3374 871 3437 et
886 3366 1003 3439 animo
1016 3367 1176 3440 concordi
1189 3369 1397 3441 monasterio
1411 3367 1603 3441 Cesadmsi
1617 3367 1779 3440 universa
1790 3366 1882 3439 bona
1899 3374 1934 3438 et
1945 3365 2065 3461 predia

652 3508 723 3583 qus
758 3488 933 3561 habebant
957 3491 1054 3585 apud
1084 3491 1250 3585 Egewilr,
1275 3492 1637 3584 Vebermvotsboven,
1666 3490 1914 3577 Wezelsbeim,
1937 3486 2063 3562 Wach-

652 3612 762 3685 steine
786 3620 821 3686 et
841 3612 1093 3709 Vulperstetin,
1116 3614 1397 3690 contradiderunt
1425 3625 1460 3689 et
1483 3616 1702 3689 contulerunt
1727 3614 1836 3686 libere
1855 3608 2002 3685 tenenda
2029 3620 2065 3684 et

650 3744 818 3833 perpetuo
840 3736 1049 3833 possidenda
1065 3764 1073 3809 r
1093 3738 1151 3810 tali
1169 3748 1283 3812 tamen
1296 3739 1456 3813 condicto
1470 3738 1634 3812 videlicet
1650 3746 1687 3811 et
1699 3746 1800 3834 pacto
1816 3734 1914 3831 qnod
1930 3755 2063 3809 annua·

649 3858 712 3933 tim
729 3860 774 3932 ab
790 3858 920 3933 eisdem
944 3860 1045 3935 bonis
1066 3862 1189 3936 libram
1210 3884 1288 3937 cers
1309 3884 1372 3960 pro
1394 3884 1501 3936 censu
1523 3864 1739 3958 persolvatur
1761 3859 1906 3934 ecclesie
1931 3878 2062 3932 memo·

649 3992 743 4075 rate,
769 3992 804 4056 et
832 3985 861 4055 si
889 3985 1035 4057 alterum
1068 3988 1223 4083 ipsorum
1250 3988 1397 4084 premori
1426 3988 1622 4081 contingat,
1650 3995 1825 4082 superstes
1853 3983 1975 4079 predia
1998 4004 2062 4079 pro

650 4107 774 4181 eodem
792 4128 895 4180 censu
919 4108 1004 4181 dum
1022 4110 1149 4185 vixerit
1167 4112 1349 4203 obtinebit,
1372 4121 1408 4185 et
1419 4110 1589 4184 ambobus
1603 4110 1778 4184 defunctis
1793 4107 1916 4181 eadem
1941 4106 2061 4202 predia

650 4232 894 4305 monasterium
920 4232 1027 4307 libere
1056 4244 1091 4307 et
1114 4236 1247 4331 absque
1277 4234 1548 4309 contradictione
1573 4233 1728 4329 qualibet
1759 4231 1962 4328 possidebit.
1989 4231 2061 4303 Hoc

650 4357 754 4430 etiam
769 4365 869 4453 pacto
885 4358 1086 4453 interposito
1097 4360 1194 4455 quod
1211 4361 1242 4432 si
1261 4360 1338 4433 viro
1354 4368 1489 4433 mortno
1506 4358 1600 4431 dicta
1612 4359 1707 4430 Bona
1721 4355 1963 4451 supervixerit,
1985 4354 2060 4449 ipsa

648 4480 740 4553 bona
761 4504 824 4577 pro
845 4503 950 4555 censu
969 4492 1148 4578 prenotato
1170 4484 1216 4558 ad
1237 4486 1313 4578 ejus
1330 4473 1407 4558 vite
1424 4485 1610 4557 terminum
1631 4480 1819 4573 obtinebit,
1839 4488 1876 4553 st
1894 4478 1923 4551 si
1944 4480 2058 4551 forsan

648 4603 725 4677 viro
745 4604 812 4678 elio
832 4606 1042 4701 superducto
1066 4608 1245 4701 generabit
1269 4630 1395 4705 pueros
1412 4618 1447 4681 et
1465 4606 1625 4696 heredes,
1642 4606 1694 4679 bii
1711 4606 1748 4678 in
1767 4602 1943 4701 prelibatis
1958 4602 2058 4675 bonis

649 4728 777 4801 nnllam
804 4726 1030 4803 hereditatem
1055 4732 1110 4805 vel
1143 4733 1320 4825 justiciam
1350 4732 1530 4805 habebunt
1550 4728 1785 4816 hereditandi,
1819 4748 1884 4801 nec
1909 4726 2056 4817 alicujus

646 4853 779 4948 ingenii
794 4856 958 4950 scrupulo
980 4876 1022 4929 ea
1047 4865 1207 4951 poterunt
1229 4857 1275 4929 ab
1299 4857 1445 4929 ecclesia
1467 4856 1631 4929 alienare.
1650 4854 1758 4947 Regia
1779 4852 1886 4947 igitur
1904 4848 2057 4924 auctori-

646 4986 716 5053 tate
741 4986 856 5051 nostra
881 4988 916 5051 et
945 4980 1046 5073 legali
1077 4980 1255 5054 sanctione
1277 4980 1512 5077 supradictam
1536 4978 1755 5054 donationem
1778 4975 1923 5050 ecclesie
1947 4974 2056 5047 Cesa-
