4859 6359
605 778 666 841 seo
1126 771 1496 835 nuuruct‘surntttt
1541 811 1546 821 .
1827 772 2015 851 [marm

604 936 755 994 menses
769 908 958 1021 judicium
981 908 1179 1017 sanguinis
1197 906 1435 991 exercuerint
1450 906 1491 987 in
1513 904 1670 990 clericos
1691 906 1734 986 in
1752 928 1851 1015 quos
1868 906 2017 1017 degra-

605 1042 770 1126 dationis
780 1044 975 1126 sententi'e
992 1058 1076 1125 non'
1088 1049 1342 1151 processerat,
1361 1038 1505 1121 eisdem
1523 1037 1668 1124 cianus
1685 1039 1845 1123 mandat
1864 1049 1910 1123 ut
1926 1047 2017 1122 tau*

605 1186 685 1259 tam
703 1176 1053 1286 praesumptionem
1071 1154 1287 1259 emendent.
1344 1191 1347 1198 ’
1461 1182 1466 1189 ’

685 1378 781 1457 (Edit.
795 1396 845 1459 ap.
859 1378 1066 1457 Lamnsuam,
1078 1395 1110 1457 p.
1127 1386 1177 1439 so.
1192 1404 1233 1423 -··
1245 1376 1364 1463 Laura,
1377 1334 1590 1450 eadm,
1605 1379 1631 1437 t.
1644 1376 1743 1451 xvtl,
1765 1392 1799 1453 p.
1814 1384 1885 1439 258.
1898 1408 1939 1421 -
1950 1378 2017 1437 Pc-

724 1502 811 1567 rcrqc
837 1484 931 1560 Gott,
954 1490 978 1546 t.
1000 1484 1055 1561 IV,
1078 1502 1107 1563 p.
1133 1493 1187 1559 82,
1207 1484 1262 1545 ubl
1285 1483 1418 1562 perutilis
1438 1484 1680 1545 commentarius.
1693 1483 1863 1583 -Ριιιτι,
1883 1483 2014 1545 Momm.

727 1590 825 1653 eom.
840 1588 956 1666 dictor„
971 1596 996 1651 t.
1012 1591 1065 1669 1v,
1079 1606 1110 1667 p.
1128 1587 1212 1668 802.)

653 1764 856 1857 Henricus‚-
869 1763 932 1837 Dei
959 1762 1069 1857 gratia
1093 1761 1328 1835 Romanorum
1352 1775 1418 1834 rex
1442 1768 1479 1833 et
1502 1770 1639 1855 semper
1664 1767 1854 1853 augustus,
1880 1761 2018 1838 cubus

603 1886 959 1961 Hildesheimsnsibus
981 1885 1153 1959 universis
1178 1885 1323 1977 gratiam
1344 1894 1380 1959 et
1401 1904 1505 1957 omne
1528 1883 1673 1957 bonum.
1702 1883 1790 1957 Cum
1811 1884 1849 1955 in
1871 1886 2018 1960 solemni

603 2011 701 2083 curia
719 2011 755 2083 iu
774 2008 1041 2083 Franckenvord
1058 2029 1105 2082 ex
1122 2008 1299 2083 communi
1321 2028 1491 2081 consensu
1510 2006 1707 2103 principum
1725 2007 1864 2081 anobis
1884 2008 1931 2082 sit
1946 2008 2017 2083 de-

603 2143 734 2209 cretum
749 2143 788 2205 ut
804 2134 1016 2229 quicumque
1032 2134 1187 2207 emulare
1200 2131 1375 2225 judicium
1386 2130 1556 2206 adeamus
1570 2131 1722 2226 aliquem
1732 2132 1895 2205 clericum
1911 2154 2017 2206 exer-

602 2258 714 2331 cuerit
731 2254 768 2329 in
784 2257 840 2331 his
863 2280 933 2352 que
950 2256 1129 2351 sanguinis
1151 2255 1325 2349 judicium
1348 2256 1547 2351 requirunt,
1573 2264 1656 2329 aute
1669 2255 1952 2351 degradationem
1970 2258 2016 2331 ab

602 2382 772 2477 episcopis
786 2381 998 2473 taciendam,
1023 2390 1137 2477 preter
1163 2379 1201 2453 id
1219 2380 1317 2473 quod
1335 2381 1373 2452 in
1388 2400 1559 2477 canonem
1578 2382 1646 2451 late
1667 2381 1837 2453 sententie
1857 2380 2017 2455 incidite

544 2518 547 2523 ·
603 2526 675 2600 quo
694 2514 806 2601 preter
823 2504 995 2577 indultum
1012 2504 1161 2600 speciale
1178 2504 1310 2578 domini
1334 2524 1425 2600 pape
1440 2503 1563 2597 nequit
1583 2502 1739 2595 absolut·
1763 2524 1811 2575 ex
1834 2514 1950 2577 nostm
1971 2505 2017 2577 sit

602 2629 773 2703 sententia
792 2626 1075 2723 proscribendus,
1096 2636 1131 2700 et
1148 2626 1297 2701 dilectus
1312 2626 1474 2722 princeps
1486 2636 1602 2701 noster
1617 2626 1800 2701 Conradus
1816 2628 2015 2702 Hildeshei·

602 2754 731 2826 mensis
747 2752 932 2849 episcopus
949 2772 1128 2847 persuum
1146 2750 1248 2823 nobis
1270 2750 1524 2845 querimoniam
1536 2752 1739 2846 patefecerit
1751 2752 1849 2847 quod
1869 2774 1935 2826 vos
1949 2773 2013 2826 aa·

603 2876 904 2971 thoritatepropria
914 2876 1054 2948 clericos
1069 2885 1198 2949 temere
1206 2875 1400 2967 judicando
1412 2876 1512 2949 morti
1525 2876 1866 2969 feceritisdestinari,
1878 2878 1914 2948 in
1924 2900 2013 2973 quos

604 2999 859 3094 degradationis
877 3000 1046 3073 sententia
1063 3022 1133 3073 non
1149 3009 1385 3097 processerat;
1411 3000 1514 3074 vobis
1535 3001 1741 3075 authoritate
1760 3002 1856 3097 regia
1873 3002 2015 3078 firmiter

602 3124 827 3221 precipiendo
848 3126 1054 3199 mandamus
1079 3135 1253 3221 quatenus
1274 3128 1307 3199 ei
1332 3135 1368 3200 et
1382 3126 1526 3200 ecclesie
1543 3148 1608 3200 sue
1624 3127 1662 3198 iu
1679 3148 1785 3221 quam
1800 3126 2010 3222 deliquistis,

604 3257 708 3345 prout
725 3251 800 3341 ejus
817 3250 961 3341 gratiam
978 3250 1137 3323 invenire
1152 3250 1327 3346 poteritis,
1347 3248 1552 3325 emendetis.
1568 3249 1749 3345 Alioquin,
1767 3272 1832 3324 vos
1847 3251 1884 3323 in
1900 3249 2014 3324 media

603 3372 869 3467 quadragesima
881 3382 987 3467 utpro
996 3374 1341 3469 tautrsrespondeatrs
1349 3375 1563 3467 exoessrbus,
1575 3374 1622 3447 ad
1632 3383 1783 3448 noscam
1791 3374 2011 3471 presentram,

603 3496 817 3590 ubicumque
833 3496 1015 3588 fuerimus,
1034 3518 1232 3570 evocamus.

651 3620 775 3692 Datum
789 3619 1096 3713 Franckenvordii‚
1121 3620 1239 3695 idibus
1258 3620 1442 3713 tenuerit,
1462 3620 1653 3695 indictione
1670 3622 1732 3695 vll
1693 3527 1815 3719 Ι(ιι).

656 4158 861 4268 Hennam,
894 4158 1154 4245 Romanorum
1177 4184 1264 4266 rex,
1295 4158 1346 4239 ad
1372 4158 1590 4268 petitionem
1609 4157 1769 4241 Gerardi
1797 4156 2013 4240 Bremensis

535 4277 897 4402 *archiepiscopu
925 4292 1023 4375 cives
1050 4292 1273 4375 Bremenses
1305 4298 1344 4374 et
1370 4290 1574 4375 Stadenses
1597 4318 1620 4374 a
1640 4292 1894 4401 praestatione
1919 4292 2012 4374 the-

601 4428 701 4511 lonei
719 4428 758 4511 in
778 4428 927 4511 civitate
943 4426 1094 4510 Lubeke
1116 4424 1293 4510 absolvit.

683 4592 1824 4697 (uart.ap.emz,ruonantomtec,e1vmarmoratapau.)
1899 4587 1903 4591 ’
1959 4588 1962 4594 ’

642 4772 684 4855 (α)
708 4772 796 4851 Apud
814 4772 912 4851 Luntg
931 4793 948 4832 ι
967 4770 1062 4834 idibus
1077 4771 1228 4853 selmana·
1251 4782 1346 4849 1195,
1363 4768 1563 4848 mdictimtct,
1579 4774 1833 4924 »lalsonumcro
1840 4776 1911 4835 anni
1930 4770 2010 4834 haud

599 4880 688 4942 duble
701 4882 826 4942 intruso.
842 4878 1047 4941 Pcrtziirtota.
