<?xml version="1.0" encoding="UTF-8"?>
<!DOCTYPE html PUBLIC "-//W3C//DTD XHTML 1.0 Transitional//EN"
    "http://www.w3.org/TR/xhtml1/DTD/xhtml1-transitional.dtd">
<html xmlns="http://www.w3.org/1999/xhtml" xml:lang="en" lang="en">
 <head>
  <title>
</title>
<meta http-equiv="Content-Type" content="text/html;charset=utf-8" />
  <meta name='ocr-system' content='tesseract 3.04.00' />
  <meta name='ocr-capabilities' content='ocr_page ocr_carea ocr_par ocr_line ocrx_word'/>
</head>
<body>
  <div class='ocr_page' id='page_1' title='image "./historiadiploma05fredgoog_0055.png"; bbox 0 0 4859 6359; ppageno 0'>
   <div class='ocr_carea' id='block_1_1' title="bbox 398 847 1360 931">
    <p class='ocr_par' dir='ltr' id='par_1_1' title="bbox 398 847 1360 931">
     <span class='ocr_line' id='line_1_1' title="bbox 398 847 1360 931; baseline -0.01 -12"><span class='ocrx_word' id='word_1_1' title='bbox 398 854 499 921; x_wconf 75' lang='lat' dir='ltr'><strong>burn.</strong></span> <span class='ocrx_word' id='word_1_2' title='bbox 514 853 560 931; x_wconf 74' lang='lat' dir='ltr'><strong>o]</strong></span> <span class='ocrx_word' id='word_1_3' title='bbox 849 848 1045 911; x_wconf 77' lang='lat' dir='ltr'>HISTORIA</span> <span class='ocrx_word' id='word_1_4' title='bbox 1069 847 1360 910; x_wconf 77' lang='lat' dir='ltr'><strong>llll&#39;LOllliTlCti.</strong></span> 
     </span>
    </p>
   </div>
   <div class='ocr_carea' id='block_1_2' title="bbox 806 1170 1422 1235">
    <p class='ocr_par' dir='ltr' id='par_1_2' title="bbox 806 1170 1422 1235">
     <span class='ocr_line' id='line_1_2' title="bbox 806 1170 1422 1235; baseline 0.002 -3"><span class='ocrx_word' id='word_1_5' title='bbox 806 1172 918 1233; x_wconf 74' lang='lat' dir='ltr'><strong>Anno</strong></span> <span class='ocrx_word' id='word_1_6' title='bbox 945 1171 1044 1235; x_wconf 75' lang='lat' dir='ltr'><strong>leba</strong></span> <span class='ocrx_word' id='word_1_7' title='bbox 1067 1206 1107 1220; x_wconf 93' lang='lat'>-</span> <span class='ocrx_word' id='word_1_8' title='bbox 1127 1170 1370 1233; x_wconf 82' lang='lat' dir='ltr'><strong>lltllllC&#39;llONll</strong></span> <span class='ocrx_word' id='word_1_9' title='bbox 1392 1170 1422 1233; x_wconf 87' lang='grc'><strong>6.</strong></span> 
     </span>
    </p>
   </div>
   <div class='ocr_carea' id='block_1_3' title="bbox 974 1424 1245 1447">
    <p class='ocr_par' dir='ltr' id='par_1_3' title="bbox 974 1424 1245 1447">
     <span class='ocr_line' id='line_1_3' title="bbox 974 1424 1245 1447; baseline -0.011 -3"><span class='ocrx_word' id='word_1_10' title='bbox 974 1424 1245 1447; x_wconf 67' lang='lat' dir='ltr'><strong>..n-n*—</strong></span> 
     </span>
    </p>
   </div>
   <div class='ocr_carea' id='block_1_4' title="bbox 400 1685 1996 2333">
    <p class='ocr_par' dir='ltr' id='par_1_4' title="bbox 400 1685 1996 2333">
     <span class='ocr_line' id='line_1_4' title="bbox 452 1685 1996 1807; baseline 0.001 -34"><span class='ocrx_word' id='word_1_11' title='bbox 452 1688 657 1793; x_wconf 86' lang='lat' dir='ltr'><strong>Henricus,</strong></span> <span class='ocrx_word' id='word_1_12' title='bbox 676 1688 937 1774; x_wconf 88' lang='lat' dir='ltr'><strong>Romanorum</strong></span> <span class='ocrx_word' id='word_1_13' title='bbox 963 1712 1051 1793; x_wconf 85' lang='lat' dir='ltr'><strong>rex,</strong></span> <span class='ocrx_word' id='word_1_14' title='bbox 1071 1685 1254 1771; x_wconf 85' lang='lat' dir='ltr'><strong>fratribus</strong></span> <span class='ocrx_word' id='word_1_15' title='bbox 1276 1686 1497 1770; x_wconf 85' lang='lat' dir='ltr'><strong>monasterii</strong></span> <span class='ocrx_word' id='word_1_16' title='bbox 1522 1688 1572 1773; x_wconf 90' lang='lat' dir='ltr'><strong>de</strong></span> <span class='ocrx_word' id='word_1_17' title='bbox 1592 1688 1809 1775; x_wconf 90' lang='lat' dir='ltr'><strong>Brumbach</strong></span> <span class='ocrx_word' id='word_1_18' title='bbox 1842 1699 1996 1807; x_wconf 52' lang='lat' dir='ltr'><strong>summm.</strong></span> 
     </span>
     <span class='ocr_line' id='line_1_5' title="bbox 407 1810 1982 1933; baseline 0 -27"><span class='ocrx_word' id='word_1_19' title='bbox 407 1820 581 1933; x_wconf 82' lang='lat' dir='ltr'><strong>indulget</strong></span> <span class='ocrx_word' id='word_1_20' title='bbox 599 1832 720 1907; x_wconf 89' lang='lat' dir='ltr'><strong>utres</strong></span> <span class='ocrx_word' id='word_1_21' title='bbox 737 1823 912 1931; x_wconf 85' lang='lat' dir='ltr'><strong>proprias</strong></span> <span class='ocrx_word' id='word_1_22' title='bbox 929 1848 997 1931; x_wconf 90' lang='lat' dir='ltr'><strong>per</strong></span> <span class='ocrx_word' id='word_1_23' title='bbox 1013 1821 1189 1907; x_wconf 85' lang='lat' dir='ltr'>Rhenum</span> <span class='ocrx_word' id='word_1_24' title='bbox 1217 1832 1255 1903; x_wconf 90' lang='lat' dir='ltr'><strong>et</strong></span> <span class='ocrx_word' id='word_1_25' title='bbox 1275 1822 1483 1932; x_wconf 82' lang='lat' dir='ltr'><strong>Mogauum</strong></span> <span class='ocrx_word' id='word_1_26' title='bbox 1500 1848 1568 1905; x_wconf 89' lang='lat' dir='ltr'><strong>seu</strong></span> <span class='ocrx_word' id='word_1_27' title='bbox 1585 1849 1653 1932; x_wconf 87' lang='lat' dir='ltr'><strong>per</strong></span> <span class='ocrx_word' id='word_1_28' title='bbox 1669 1834 1811 1907; x_wconf 88' lang='lat' dir='ltr'><strong>terram</strong></span> <span class='ocrx_word' id='word_1_29' title='bbox 1856 1810 1982 1865; x_wconf 40' lang='lat'><strong>⁹³⁸¹&amp;</strong></span> 
     </span>
     <span class='ocr_line' id='line_1_6' title="bbox 402 1954 1813 2067; baseline 0.001 -30"><span class='ocrx_word' id='word_1_30' title='bbox 402 1956 485 2039; x_wconf 88' lang='lat' dir='ltr'><strong>sine</strong></span> <span class='ocrx_word' id='word_1_31' title='bbox 506 1956 588 2039; x_wconf 93' lang='lat' dir='ltr'><strong>ullo</strong></span> <span class='ocrx_word' id='word_1_32' title='bbox 614 1981 789 2067; x_wconf 91' lang='lat' dir='ltr'><strong>uuquam</strong></span> <span class='ocrx_word' id='word_1_33' title='bbox 815 1954 963 2040; x_wconf 85' lang='lat' dir='ltr'><strong>teloneo</strong></span> <span class='ocrx_word' id='word_1_34' title='bbox 989 1955 1175 2041; x_wconf 79' lang='lat' dir='ltr'>deducere</span> <span class='ocrx_word' id='word_1_35' title='bbox 1204 1954 1377 2063; x_wconf 77' lang='lat' dir='ltr'>possint,</span> <span class='ocrx_word' id='word_1_36' title='bbox 1400 1955 1557 2065; x_wconf 87' lang='lat' dir='ltr'><strong>suisque</strong></span> <span class='ocrx_word' id='word_1_37' title='bbox 1577 1956 1813 2040; x_wconf 90' lang='lat' dir='ltr'><strong>ministeria-</strong></span> 
     </span>
     <span class='ocr_line' id='line_1_7' title="bbox 400 2088 1814 2198; baseline 0.002 -25"><span class='ocrx_word' id='word_1_38' title='bbox 400 2088 503 2173; x_wconf 86' lang='lat' dir='ltr'>libus</span> <span class='ocrx_word' id='word_1_39' title='bbox 525 2090 566 2171; x_wconf 92' lang='lat' dir='ltr'><strong>in</strong></span> <span class='ocrx_word' id='word_1_40' title='bbox 588 2088 816 2195; x_wconf 87' lang='lat' dir='ltr'><strong>Frankiurt,</strong></span> <span class='ocrx_word' id='word_1_41' title='bbox 838 2088 1096 2198; x_wconf 89' lang='lat' dir='ltr'><strong>Oppenbeim,</strong></span> <span class='ocrx_word' id='word_1_42' title='bbox 1116 2088 1330 2197; x_wconf 90' lang='lat' dir='ltr'><strong>Boppardia</strong></span> <span class='ocrx_word' id='word_1_43' title='bbox 1356 2098 1394 2169; x_wconf 91' lang='lat' dir='ltr'><strong>et</strong></span> <span class='ocrx_word' id='word_1_44' title='bbox 1407 2088 1628 2194; x_wconf 65' lang='lat' dir='ltr'><strong>⁴llllertbeim</strong></span> <span class='ocrx_word' id='word_1_45' title='bbox 1655 2092 1814 2175; x_wconf 89' lang='lat' dir='ltr'><strong>mandat</strong></span> 
     </span>
     <span class='ocr_line' id='line_1_8' title="bbox 402 2218 1472 2333; baseline -0.004 -28"><span class='ocrx_word' id='word_1_46' title='bbox 402 2233 445 2305; x_wconf 91' lang='lat' dir='ltr'><strong>ut</strong></span> <span class='ocrx_word' id='word_1_47' title='bbox 462 2223 563 2305; x_wconf 89' lang='lat' dir='ltr'><strong>hanc</strong></span> <span class='ocrx_word' id='word_1_48' title='bbox 580 2222 858 2333; x_wconf 81' lang='lat' dir='ltr'><strong>indulgentiam</strong></span> <span class='ocrx_word' id='word_1_49' title='bbox 876 2220 1019 2304; x_wconf 90' lang='lat' dir='ltr'><strong>eisdem</strong></span> <span class='ocrx_word' id='word_1_50' title='bbox 1037 2218 1220 2303; x_wconf 87' lang='lat' dir='ltr'><strong>iratribus</strong></span> <span class='ocrx_word' id='word_1_51' title='bbox 1238 2230 1472 2304; x_wconf 85' lang='lat' dir='ltr'><strong>conservent.</strong></span> 
     </span>
    </p>
   </div>
   <div class='ocr_carea' id='block_1_5' title="bbox 483 2433 1812 2622">
    <p class='ocr_par' dir='ltr' id='par_1_5' title="bbox 483 2433 1812 2622">
     <span class='ocr_line' id='line_1_9' title="bbox 483 2433 1812 2521; baseline 0.003 -24"><span class='ocrx_word' id='word_1_52' title='bbox 483 2435 575 2516; x_wconf 80' lang='lat' dir='ltr'><strong>(Edit.</strong></span> <span class='ocrx_word' id='word_1_53' title='bbox 590 2453 639 2514; x_wconf 86' lang='lat' dir='ltr'><strong>ap.</strong></span> <span class='ocrx_word' id='word_1_54' title='bbox 654 2438 717 2498; x_wconf 85' lang='lat' dir='ltr'><strong>Jos.</strong></span> <span class='ocrx_word' id='word_1_55' title='bbox 733 2437 911 2516; x_wconf 67' lang='grc' dir='ltr'><strong>Αισιιιιιοιι,</strong></span> <span class='ocrx_word' id='word_1_56' title='bbox 920 2433 1018 2497; x_wconf 74' lang='lat' dir='ltr'><strong>cart.</strong></span> <span class='ocrx_word' id='word_1_57' title='bbox 1033 2433 1085 2495; x_wconf 84' lang='lat' dir='ltr'><strong>der</strong></span> <span class='ocrx_word' id='word_1_58' title='bbox 1094 2433 1202 2514; x_wconf 78' lang='lat' dir='ltr'><strong>Grasco</strong></span> <span class='ocrx_word' id='word_1_59' title='bbox 1214 2452 1270 2497; x_wconf 82' lang='lat' dir='ltr'><strong>ooo</strong></span> <span class='ocrx_word' id='word_1_60' title='bbox 1288 2434 1452 2513; x_wconf 74' lang='lat' dir='ltr'><strong>wertheim,</strong></span> <span class='ocrx_word' id='word_1_61' title='bbox 1467 2438 1584 2513; x_wconf 84' lang='lat' dir='ltr'><strong>parsll,</strong></span> <span class='ocrx_word' id='word_1_62' title='bbox 1599 2438 1812 2521; x_wconf 67' lang='lat' dir='ltr'><strong>Urkundenb,</strong></span> 
     </span>
     <span class='ocr_line' id='line_1_10' title="bbox 521 2542 772 2622; baseline 0.004 -18"><span class='ocrx_word' id='word_1_63' title='bbox 521 2560 553 2622; x_wconf 83' lang='lat' dir='ltr'><strong>p.</strong></span> <span class='ocrx_word' id='word_1_64' title='bbox 565 2552 615 2617; x_wconf 80' lang='lat' dir='ltr'><strong>rr,</strong></span> <span class='ocrx_word' id='word_1_65' title='bbox 630 2553 663 2605; x_wconf 90' lang='grc' dir='ltr'><strong>ιι·</strong></span> <span class='ocrx_word' id='word_1_66' title='bbox 676 2542 772 2622; x_wconf 74' lang='lat' dir='ltr'><strong>xxi)</strong></span> 
     </span>
    </p>
   </div>
   <div class='ocr_carea' id='block_1_6' title="bbox 400 2730 1814 5065">
    <p class='ocr_par' dir='ltr' id='par_1_6' title="bbox 400 2730 1814 5065">
     <span class='ocr_line' id='line_1_11' title="bbox 449 2730 1813 2826; baseline 0.005 -23"><span class='ocrx_word' id='word_1_67' title='bbox 449 2731 640 2823; x_wconf 86' lang='lat' dir='ltr'><strong>Henricus,</strong></span> <span class='ocrx_word' id='word_1_68' title='bbox 666 2730 730 2805; x_wconf 86' lang='lat' dir='ltr'><strong>Dei</strong></span> <span class='ocrx_word' id='word_1_69' title='bbox 751 2731 861 2826; x_wconf 76' lang='lat' dir='ltr'><strong>gratia</strong></span> <span class='ocrx_word' id='word_1_70' title='bbox 877 2731 1110 2805; x_wconf 88' lang='lat' dir='ltr'><strong>Romanorum</strong></span> <span class='ocrx_word' id='word_1_71' title='bbox 1136 2752 1200 2803; x_wconf 84' lang='lat' dir='ltr'><strong>rex</strong></span> <span class='ocrx_word' id='word_1_72' title='bbox 1218 2739 1254 2803; x_wconf 91' lang='lat' dir='ltr'><strong>et</strong></span> <span class='ocrx_word' id='word_1_73' title='bbox 1276 2752 1414 2826; x_wconf 88' lang='lat' dir='ltr'><strong>semper</strong></span> <span class='ocrx_word' id='word_1_74' title='bbox 1430 2743 1619 2826; x_wconf 68' lang='lat' dir='ltr'><strong>sugamus,</strong></span> <span class='ocrx_word' id='word_1_75' title='bbox 1639 2735 1813 2811; x_wconf 82' lang='lat' dir='ltr'><strong>universis</strong></span> 
     </span>
     <span class='ocr_line' id='line_1_12' title="bbox 400 2854 1813 2951; baseline 0.005 -24"><span class='ocrx_word' id='word_1_76' title='bbox 400 2856 531 2951; x_wconf 88' lang='lat' dir='ltr'><strong>quibus</strong></span> <span class='ocrx_word' id='word_1_77' title='bbox 549 2855 595 2929; x_wconf 91' lang='lat' dir='ltr'><strong>hs</strong></span> <span class='ocrx_word' id='word_1_78' title='bbox 613 2855 725 2929; x_wconf 89' lang='lat' dir='ltr'><strong>littere</strong></span> <span class='ocrx_word' id='word_1_79' title='bbox 740 2864 877 2929; x_wconf 87' lang='lat' dir='ltr'><strong>ostense</strong></span> <span class='ocrx_word' id='word_1_80' title='bbox 894 2855 1022 2927; x_wconf 84' lang='lat' dir='ltr'><strong>luerint</strong></span> <span class='ocrx_word' id='word_1_81' title='bbox 1038 2854 1183 2948; x_wconf 84' lang='lat' dir='ltr'><strong>gratiam</strong></span> <span class='ocrx_word' id='word_1_82' title='bbox 1201 2876 1301 2927; x_wconf 87' lang='lat' dir='ltr'><strong>suam</strong></span> <span class='ocrx_word' id='word_1_83' title='bbox 1317 2864 1352 2928; x_wconf 89' lang='lat' dir='ltr'><strong>et</strong></span> <span class='ocrx_word' id='word_1_84' title='bbox 1368 2876 1472 2927; x_wconf 91' lang='lat' dir='ltr'><strong>omne</strong></span> <span class='ocrx_word' id='word_1_85' title='bbox 1490 2855 1633 2929; x_wconf 90' lang='lat' dir='ltr'><strong>bonum.</strong></span> <span class='ocrx_word' id='word_1_86' title='bbox 1664 2858 1749 2931; x_wconf 87' lang='lat' dir='ltr'><strong>Cum</strong></span> <span class='ocrx_word' id='word_1_87' title='bbox 1766 2882 1813 2934; x_wconf 85' lang='lat' dir='ltr'><strong>ex</strong></span> 
     </span>
     <span class='ocr_line' id='line_1_13' title="bbox 400 2978 1814 3073; baseline 0.004 -22"><span class='ocrx_word' id='word_1_88' title='bbox 400 2980 529 3053; x_wconf 88' lang='lat' dir='ltr'><strong>summi</strong></span> <span class='ocrx_word' id='word_1_89' title='bbox 547 2979 651 3073; x_wconf 79' lang='lat' dir='ltr'><strong>Regis</strong></span> <span class='ocrx_word' id='word_1_90' title='bbox 664 2978 804 3053; x_wconf 88' lang='lat' dir='ltr'><strong>decreto</strong></span> <span class='ocrx_word' id='word_1_91' title='bbox 820 2978 868 3052; x_wconf 88' lang='lat' dir='ltr'><strong>ad</strong></span> <span class='ocrx_word' id='word_1_92' title='bbox 883 3000 1030 3073; x_wconf 76' lang='lat' dir='ltr'><strong>regnum</strong></span> <span class='ocrx_word' id='word_1_93' title='bbox 1044 2978 1153 3051; x_wconf 90' lang='lat' dir='ltr'><strong>simus</strong></span> <span class='ocrx_word' id='word_1_94' title='bbox 1168 2980 1354 3073; x_wconf 76' lang='lat' dir='ltr'>temporale</span> <span class='ocrx_word' id='word_1_95' title='bbox 1368 2979 1481 3051; x_wconf 84' lang='lat' dir='ltr'><strong>vocati</strong></span> <span class='ocrx_word' id='word_1_96' title='bbox 1490 3030 1501 3070; x_wconf 95' lang='lat'><strong>,</strong></span> <span class='ocrx_word' id='word_1_97' title='bbox 1525 2981 1601 3073; x_wconf 87' lang='lat' dir='ltr'><strong>ejus</strong></span> <span class='ocrx_word' id='word_1_98' title='bbox 1613 3001 1677 3054; x_wconf 91' lang='lat' dir='ltr'><strong>nos</strong></span> <span class='ocrx_word' id='word_1_99' title='bbox 1692 2984 1814 3057; x_wconf 78' lang='lat' dir='ltr'><strong>asdi-</strong></span> 
     </span>
     <span class='ocr_line' id='line_1_14' title="bbox 401 3102 1814 3199; baseline 0.004 -24"><span class='ocrx_word' id='word_1_100' title='bbox 401 3126 482 3177; x_wconf 87' lang='lat' dir='ltr'><strong>mus</strong></span> <span class='ocrx_word' id='word_1_101' title='bbox 500 3104 714 3199; x_wconf 86' lang='lat' dir='ltr'><strong>beneplacito</strong></span> <span class='ocrx_word' id='word_1_102' title='bbox 739 3102 916 3177; x_wconf 86' lang='lat' dir='ltr'><strong>deservire</strong></span> <span class='ocrx_word' id='word_1_103' title='bbox 936 3103 1095 3198; x_wconf 87' lang='lat' dir='ltr'><strong>quotiens</strong></span> <span class='ocrx_word' id='word_1_104' title='bbox 1111 3103 1252 3175; x_wconf 88' lang='lat' dir='ltr'><strong>servitio</strong></span> <span class='ocrx_word' id='word_1_105' title='bbox 1268 3124 1332 3175; x_wconf 90' lang='lat' dir='ltr'><strong>suo</strong></span> <span class='ocrx_word' id='word_1_106' title='bbox 1350 3102 1587 3176; x_wconf 77' lang='lat' dir='ltr'><strong>insistentibus</strong></span> <span class='ocrx_word' id='word_1_107' title='bbox 1602 3104 1814 3181; x_wconf 83' lang='lat' dir='ltr'><strong>incessanter</strong></span> 
     </span>
     <span class='ocr_line' id='line_1_15' title="bbox 400 3226 1813 3325; baseline 0.004 -26"><span class='ocrx_word' id='word_1_108' title='bbox 400 3228 560 3301; x_wconf 73' lang='lat' dir='ltr'><strong>utilitatis</strong></span> <span class='ocrx_word' id='word_1_109' title='bbox 581 3228 763 3302; x_wconf 89' lang='lat' dir='ltr'><strong>commodo</strong></span> <span class='ocrx_word' id='word_1_110' title='bbox 785 3227 1023 3323; x_wconf 84' lang='lat' dir='ltr'><strong>providemus.</strong></span> <span class='ocrx_word' id='word_1_111' title='bbox 1049 3228 1137 3299; x_wconf 89' lang='lat' dir='ltr'><strong>lllnc</strong></span> <span class='ocrx_word' id='word_1_112' title='bbox 1157 3226 1322 3325; x_wconf 89' lang='lat' dir='ltr'><strong>estquod</strong></span> <span class='ocrx_word' id='word_1_113' title='bbox 1350 3227 1492 3299; x_wconf 81' lang='lat' dir='ltr'><strong>fratrum</strong></span> <span class='ocrx_word' id='word_1_114' title='bbox 1517 3226 1564 3300; x_wconf 91' lang='lat' dir='ltr'><strong>de</strong></span> <span class='ocrx_word' id='word_1_115' title='bbox 1584 3228 1813 3305; x_wconf 86' lang='lat' dir='ltr'><strong>Brunnebacb</strong></span> 
     </span>
     <span class='ocr_line' id='line_1_16' title="bbox 401 3351 1813 3449; baseline 0.004 -24"><span class='ocrx_word' id='word_1_116' title='bbox 401 3374 489 3447; x_wconf 90' lang='lat' dir='ltr'><strong>quos</strong></span> <span class='ocrx_word' id='word_1_117' title='bbox 504 3352 702 3449; x_wconf 85' lang='lat' dir='ltr'><strong>specialiter</strong></span> <span class='ocrx_word' id='word_1_118' title='bbox 716 3352 902 3447; x_wconf 75' lang='lat' dir='ltr'><strong>dignamur</strong></span> <span class='ocrx_word' id='word_1_119' title='bbox 915 3372 1045 3441; x_wconf 90' lang='lat' dir='ltr'><strong>amore,</strong></span> <span class='ocrx_word' id='word_1_120' title='bbox 1061 3352 1222 3446; x_wconf 82' lang='lat' dir='ltr'><strong>precibus</strong></span> <span class='ocrx_word' id='word_1_121' title='bbox 1232 3351 1393 3445; x_wconf 88' lang='lat' dir='ltr'><strong>pietatem</strong></span> <span class='ocrx_word' id='word_1_122' title='bbox 1400 3352 1661 3446; x_wconf 84' lang='lat' dir='ltr'><strong>explorantibus</strong></span> <span class='ocrx_word' id='word_1_123' title='bbox 1670 3356 1813 3431; x_wconf 83' lang='lat' dir='ltr'><strong>lavora-</strong></span> 
     </span>
     <span class='ocr_line' id='line_1_17' title="bbox 401 3472 1814 3575; baseline 0.005 -27"><span class='ocrx_word' id='word_1_124' title='bbox 401 3475 515 3549; x_wconf 90' lang='lat' dir='ltr'><strong>biliter</strong></span> <span class='ocrx_word' id='word_1_125' title='bbox 532 3484 740 3569; x_wconf 83' lang='lat' dir='ltr'><strong>annuentes,</strong></span> <span class='ocrx_word' id='word_1_126' title='bbox 762 3476 847 3571; x_wconf 90' lang='lat' dir='ltr'><strong>ipsis</strong></span> <span class='ocrx_word' id='word_1_127' title='bbox 863 3474 973 3569; x_wconf 81' lang='lat' dir='ltr'><strong>regali</strong></span> <span class='ocrx_word' id='word_1_128' title='bbox 995 3473 1230 3547; x_wconf 88' lang='lat' dir='ltr'><strong>munificentia</strong></span> <span class='ocrx_word' id='word_1_129' title='bbox 1247 3472 1469 3567; x_wconf 77' lang='lat' dir='ltr'><strong>indulgemus</strong></span> <span class='ocrx_word' id='word_1_130' title='bbox 1485 3484 1525 3545; x_wconf 89' lang='lat' dir='ltr'><strong>ut</strong></span> <span class='ocrx_word' id='word_1_131' title='bbox 1542 3474 1710 3551; x_wconf 88' lang='lat' dir='ltr'><strong>derebus</strong></span> <span class='ocrx_word' id='word_1_132' title='bbox 1725 3503 1814 3575; x_wconf 85' lang='lat' dir='ltr'><strong>pro·</strong></span> 
     </span>
     <span class='ocr_line' id='line_1_18' title="bbox 401 3598 1814 3697; baseline 0.004 -24"><span class='ocrx_word' id='word_1_133' title='bbox 401 3600 486 3697; x_wconf 90' lang='lat' dir='ltr'><strong>priis</strong></span> <span class='ocrx_word' id='word_1_134' title='bbox 503 3622 591 3695; x_wconf 83' lang='lat' dir='ltr'><strong>quas</strong></span> <span class='ocrx_word' id='word_1_135' title='bbox 610 3622 673 3697; x_wconf 90' lang='lat' dir='ltr'><strong>per</strong></span> <span class='ocrx_word' id='word_1_136' title='bbox 688 3600 798 3673; x_wconf 83' lang='lat' dir='ltr'><strong>Rheni</strong></span> <span class='ocrx_word' id='word_1_137' title='bbox 814 3620 878 3674; x_wconf 90' lang='lat' dir='ltr'><strong>seu</strong></span> <span class='ocrx_word' id='word_1_138' title='bbox 894 3598 1136 3693; x_wconf 77' lang='lat' dir='ltr'><strong>Mogontinum</strong></span> <span class='ocrx_word' id='word_1_139' title='bbox 1153 3599 1291 3670; x_wconf 89' lang='lat' dir='ltr'><strong>alveum</strong></span> <span class='ocrx_word' id='word_1_140' title='bbox 1309 3598 1386 3671; x_wconf 89' lang='lat' dir='ltr'><strong>sive</strong></span> <span class='ocrx_word' id='word_1_141' title='bbox 1401 3620 1464 3694; x_wconf 93' lang='lat' dir='ltr'><strong>per</strong></span> <span class='ocrx_word' id='word_1_142' title='bbox 1483 3609 1610 3673; x_wconf 89' lang='lat' dir='ltr'><strong>terram</strong></span> <span class='ocrx_word' id='word_1_143' title='bbox 1629 3601 1814 3683; x_wconf 82' lang='lat' dir='ltr'><strong>habuerint</strong></span> 
     </span>
     <span class='ocr_line' id='line_1_19' title="bbox 402 3721 1812 3819; baseline -0.007 -21"><span class='ocrx_word' id='word_1_144' title='bbox 402 3723 628 3798; x_wconf 88' lang='lat' dir='ltr'><strong>deducendes</strong></span> <span class='ocrx_word' id='word_1_145' title='bbox 645 3724 720 3798; x_wconf 89' lang='lat' dir='ltr'><strong>sive</strong></span> <span class='ocrx_word' id='word_1_146' title='bbox 738 3724 861 3797; x_wconf 86' lang='lat' dir='ltr'><strong>usibus</strong></span> <span class='ocrx_word' id='word_1_147' title='bbox 878 3722 1027 3819; x_wconf 92' lang='lat' dir='ltr'><strong>propriis</strong></span> <span class='ocrx_word' id='word_1_148' title='bbox 1041 3721 1285 3813; x_wconf 87' lang='lat' dir='ltr'><strong>adducendas,</strong></span> <span class='ocrx_word' id='word_1_149' title='bbox 1305 3722 1422 3795; x_wconf 90' lang='lat' dir='ltr'><strong>nullus</strong></span> <span class='ocrx_word' id='word_1_150' title='bbox 1438 3722 1618 3797; x_wconf 89' lang='lat' dir='ltr'><strong>bominum</strong></span> <span class='ocrx_word' id='word_1_151' title='bbox 1632 3728 1728 3805; x_wconf 88' lang='lat' dir='ltr'><strong>nullo</strong></span> <span class='ocrx_word' id='word_1_152' title='bbox 1741 3752 1812 3803; x_wconf 87' lang='lat' dir='ltr'><strong>un.</strong></span> 
     </span>
     <span class='ocr_line' id='line_1_20' title="bbox 402 3847 1808 3949; baseline 0.004 -26"><span class='ocrx_word' id='word_1_153' title='bbox 402 3872 506 3945; x_wconf 73' lang='grc' dir='ltr'><strong>ᾳιιιιιιι</strong></span> <span class='ocrx_word' id='word_1_154' title='bbox 520 3847 678 3945; x_wconf 87' lang='lat' dir='ltr'><strong>&#39;tempore</strong></span> <span class='ocrx_word' id='word_1_155' title='bbox 694 3848 889 3923; x_wconf 88' lang='lat' dir='ltr'><strong>theloneum</strong></span> <span class='ocrx_word' id='word_1_156' title='bbox 907 3847 983 3920; x_wconf 87' lang='lat' dir='ltr'><strong>sive</strong></span> <span class='ocrx_word' id='word_1_157' title='bbox 1000 3847 1213 3921; x_wconf 81' lang='lat' dir='ltr'><strong>exactionem</strong></span> <span class='ocrx_word' id='word_1_158' title='bbox 1229 3847 1380 3941; x_wconf 82' lang='lat' dir='ltr'><strong>aliquam</strong></span> <span class='ocrx_word' id='word_1_159' title='bbox 1396 3857 1604 3942; x_wconf 81' lang='lat' dir='ltr'><strong>extorquere</strong></span> <span class='ocrx_word' id='word_1_160' title='bbox 1619 3866 1808 3949; x_wconf 84' lang='lat' dir='ltr'><strong>presumat,</strong></span> 
     </span>
     <span class='ocr_line' id='line_1_21' title="bbox 402 3972 1812 4069; baseline 0.004 -20"><span class='ocrx_word' id='word_1_161' title='bbox 402 3974 463 4049; x_wconf 88' lang='lat' dir='ltr'><strong>sed</strong></span> <span class='ocrx_word' id='word_1_162' title='bbox 479 3975 525 4047; x_wconf 88' lang='lat' dir='ltr'><strong>ab</strong></span> <span class='ocrx_word' id='word_1_163' title='bbox 543 3974 636 4047; x_wconf 92' lang='lat' dir='ltr'><strong>omni</strong></span> <span class='ocrx_word' id='word_1_164' title='bbox 660 3994 795 4069; x_wconf 90' lang='lat' dir='ltr'><strong>semper</strong></span> <span class='ocrx_word' id='word_1_165' title='bbox 815 3972 996 4046; x_wconf 80' lang='lat' dir='ltr'><strong>exactione</strong></span> <span class='ocrx_word' id='word_1_166' title='bbox 1014 3972 1152 4068; x_wconf 90' lang='lat' dir='ltr'><strong>penitus</strong></span> <span class='ocrx_word' id='word_1_167' title='bbox 1176 3972 1246 4045; x_wconf 90' lang='lat' dir='ltr'><strong>sint</strong></span> <span class='ocrx_word' id='word_1_168' title='bbox 1262 3972 1450 4063; x_wconf 89' lang='lat' dir='ltr'><strong>immunes;</strong></span> <span class='ocrx_word' id='word_1_169' title='bbox 1478 3995 1569 4067; x_wconf 91' lang='lat' dir='ltr'><strong>quos</strong></span> <span class='ocrx_word' id='word_1_170' title='bbox 1581 3976 1685 4049; x_wconf 86' lang='lat' dir='ltr'><strong>etiem</strong></span> <span class='ocrx_word' id='word_1_171' title='bbox 1704 3992 1739 4052; x_wconf 92' lang='lat' dir='ltr'><strong>et</strong></span> <span class='ocrx_word' id='word_1_172' title='bbox 1755 4004 1812 4054; x_wconf 90' lang='lat' dir='ltr'><strong>res</strong></span> 
     </span>
     <span class='ocr_line' id='line_1_22' title="bbox 402 4098 1812 4199; baseline 0.005 -28"><span class='ocrx_word' id='word_1_173' title='bbox 402 4100 556 4195; x_wconf 91' lang='lat' dir='ltr'><strong>ipsorum</strong></span> <span class='ocrx_word' id='word_1_174' title='bbox 573 4107 607 4172; x_wconf 92' lang='lat' dir='ltr'><strong>et</strong></span> <span class='ocrx_word' id='word_1_175' title='bbox 625 4118 788 4193; x_wconf 86' lang='lat' dir='ltr'><strong>personas</strong></span> <span class='ocrx_word' id='word_1_176' title='bbox 805 4107 923 4173; x_wconf 89' lang='lat' dir='ltr'><strong>nostra</strong></span> <span class='ocrx_word' id='word_1_177' title='bbox 940 4099 1102 4173; x_wconf 89' lang='lat' dir='ltr'><strong>volumus</strong></span> <span class='ocrx_word' id='word_1_178' title='bbox 1124 4098 1255 4191; x_wconf 77' lang='lat' dir='ltr'><strong>jugiter</strong></span> <span class='ocrx_word' id='word_1_179' title='bbox 1280 4098 1499 4193; x_wconf 90' lang='lat' dir='ltr'><strong>protectionis</strong></span> <span class='ocrx_word' id='word_1_180' title='bbox 1521 4102 1702 4176; x_wconf 87' lang='lat' dir='ltr'><strong>securitate</strong></span> <span class='ocrx_word' id='word_1_181' title='bbox 1724 4128 1812 4199; x_wconf 79' lang='lat' dir='ltr'><strong>gau·</strong></span> 
     </span>
     <span class='ocr_line' id='line_1_23' title="bbox 403 4221 1811 4318; baseline 0.005 -23"><span class='ocrx_word' id='word_1_182' title='bbox 403 4221 496 4296; x_wconf 90' lang='lat' dir='ltr'><strong>dere.</strong></span> <span class='ocrx_word' id='word_1_183' title='bbox 516 4224 583 4309; x_wconf 79' lang='lat' dir='ltr'><strong>llos</strong></span> <span class='ocrx_word' id='word_1_184' title='bbox 600 4232 716 4297; x_wconf 73' lang='lat' dir='ltr'><strong>numm</strong></span> <span class='ocrx_word' id='word_1_185' title='bbox 725 4224 869 4314; x_wconf 79' lang='lat' dir='ltr'><strong>elisum,</strong></span> <span class='ocrx_word' id='word_1_186' title='bbox 889 4222 918 4296; x_wconf 91' lang='lat' dir='ltr'><strong>si</strong></span> <span class='ocrx_word' id='word_1_187' title='bbox 935 4244 1023 4316; x_wconf 91' lang='lat' dir='ltr'><strong>quas</strong></span> <span class='ocrx_word' id='word_1_188' title='bbox 1040 4222 1265 4313; x_wconf 78' lang='lat' dir='ltr'><strong>deduxerint,</strong></span> <span class='ocrx_word' id='word_1_189' title='bbox 1283 4222 1329 4295; x_wconf 87' lang='lat' dir='ltr'><strong>ab</strong></span> <span class='ocrx_word' id='word_1_190' title='bbox 1343 4222 1636 4318; x_wconf 82' lang='lat' dir='ltr'><strong>hecindulgentia</strong></span> <span class='ocrx_word' id='word_1_191' title='bbox 1653 4228 1811 4302; x_wconf 88' lang='lat' dir='ltr'><strong>decerni·</strong></span> 
     </span>
     <span class='ocr_line' id='line_1_24' title="bbox 403 4346 1808 4447; baseline 0.006 -29"><span class='ocrx_word' id='word_1_192' title='bbox 403 4368 479 4419; x_wconf 92' lang='lat' dir='ltr'><strong>mus</strong></span> <span class='ocrx_word' id='word_1_193' title='bbox 496 4368 573 4420; x_wconf 90' lang='lat' dir='ltr'><strong>esse</strong></span> <span class='ocrx_word' id='word_1_194' title='bbox 584 4356 745 4421; x_wconf 89' lang='lat' dir='ltr'><strong>remotes.</strong></span> <span class='ocrx_word' id='word_1_195' title='bbox 758 4347 865 4420; x_wconf 86' lang='lat' dir='ltr'><strong>Vobis</strong></span> <span class='ocrx_word' id='word_1_196' title='bbox 878 4355 1009 4435; x_wconf 73' lang='lat' dir='ltr'><strong>summ,</strong></span> <span class='ocrx_word' id='word_1_197' title='bbox 1025 4346 1188 4419; x_wconf 88' lang='lat' dir='ltr'><strong>officiales</strong></span> <span class='ocrx_word' id='word_1_198' title='bbox 1200 4348 1308 4419; x_wconf 89' lang='lat' dir='ltr'><strong>nostri</strong></span> <span class='ocrx_word' id='word_1_199' title='bbox 1320 4348 1356 4418; x_wconf 88' lang='lat' dir='ltr'><strong>in</strong></span> <span class='ocrx_word' id='word_1_200' title='bbox 1367 4347 1561 4439; x_wconf 83' lang='lat' dir='ltr'><strong>Frsnlrlurt,</strong></span> <span class='ocrx_word' id='word_1_201' title='bbox 1581 4350 1808 4447; x_wconf 80' lang='lat' dir='ltr'><strong>oppenheim,</strong></span> 
     </span>
     <span class='ocr_line' id='line_1_25' title="bbox 403 4469 1810 4568; baseline 0.008 -24"><span class='ocrx_word' id='word_1_202' title='bbox 403 4469 569 4567; x_wconf 87' lang='lat' dir='ltr'><strong>Popardia</strong></span> <span class='ocrx_word' id='word_1_203' title='bbox 594 4481 629 4545; x_wconf 92' lang='lat' dir='ltr'><strong>ot</strong></span> <span class='ocrx_word' id='word_1_204' title='bbox 654 4471 863 4560; x_wconf 87' lang='lat' dir='ltr'><strong>Wertheim,</strong></span> <span class='ocrx_word' id='word_1_205' title='bbox 893 4472 1036 4568; x_wconf 90' lang='lat' dir='ltr'><strong>speciali</strong></span> <span class='ocrx_word' id='word_1_206' title='bbox 1063 4470 1227 4544; x_wconf 90' lang='lat' dir='ltr'><strong>mandato</strong></span> <span class='ocrx_word' id='word_1_207' title='bbox 1254 4471 1468 4566; x_wconf 78' lang='lat' dir='ltr'><strong>injungimus</strong></span> <span class='ocrx_word' id='word_1_208' title='bbox 1490 4481 1530 4543; x_wconf 93' lang='lat' dir='ltr'><strong>ut</strong></span> <span class='ocrx_word' id='word_1_209' title='bbox 1557 4471 1647 4550; x_wconf 87' lang='lat' dir='ltr'><strong>banc</strong></span> <span class='ocrx_word' id='word_1_210' title='bbox 1678 4477 1810 4554; x_wconf 90' lang='lat' dir='ltr'><strong>eisdem</strong></span> 
     </span>
     <span class='ocr_line' id='line_1_26' title="bbox 403 4595 1812 4691; baseline 0.007 -24"><span class='ocrx_word' id='word_1_211' title='bbox 403 4595 565 4669; x_wconf 88' lang='lat' dir='ltr'><strong>iratribus</strong></span> <span class='ocrx_word' id='word_1_212' title='bbox 579 4596 830 4691; x_wconf 78' lang='lat' dir='ltr'><strong>indulgentiam</strong></span> <span class='ocrx_word' id='word_1_213' title='bbox 843 4596 1085 4670; x_wconf 89' lang='lat' dir='ltr'><strong>iuviolabiliter</strong></span> <span class='ocrx_word' id='word_1_214' title='bbox 1100 4597 1312 4670; x_wconf 88' lang='lat' dir='ltr'><strong>conservetis</strong></span> <span class='ocrx_word' id='word_1_215' title='bbox 1325 4618 1388 4668; x_wconf 88' lang='lat' dir='ltr'><strong>nec</strong></span> <span class='ocrx_word' id='word_1_216' title='bbox 1400 4596 1470 4669; x_wconf 89' lang='lat' dir='ltr'><strong>ulla</strong></span> <span class='ocrx_word' id='word_1_217' title='bbox 1479 4596 1530 4670; x_wconf 89' lang='lat' dir='ltr'><strong>eis</strong></span> <span class='ocrx_word' id='word_1_218' title='bbox 1543 4598 1618 4671; x_wconf 89' lang='lat' dir='ltr'><strong>sitis</strong></span> <span class='ocrx_word' id='word_1_219' title='bbox 1630 4604 1812 4679; x_wconf 80' lang='lat' dir='ltr'><strong>exactione</strong></span> 
     </span>
     <span class='ocr_line' id='line_1_27' title="bbox 404 4720 1812 4815; baseline 0.008 -24"><span class='ocrx_word' id='word_1_220' title='bbox 404 4720 550 4793; x_wconf 91' lang='lat' dir='ltr'><strong>molesti.</strong></span> <span class='ocrx_word' id='word_1_221' title='bbox 570 4721 606 4793; x_wconf 91' lang='lat' dir='ltr'><strong>Si</strong></span> <span class='ocrx_word' id='word_1_222' title='bbox 632 4722 712 4815; x_wconf 91' lang='lat' dir='ltr'><strong>quis</strong></span> <span class='ocrx_word' id='word_1_223' title='bbox 737 4731 853 4795; x_wconf 87' lang='lat' dir='ltr'><strong>autem</strong></span> <span class='ocrx_word' id='word_1_224' title='bbox 870 4730 989 4795; x_wconf 86' lang='lat' dir='ltr'><strong>eontra</strong></span> <span class='ocrx_word' id='word_1_225' title='bbox 1010 4732 1079 4793; x_wconf 89' lang='lat' dir='ltr'><strong>tam</strong></span> <span class='ocrx_word' id='word_1_226' title='bbox 1106 4720 1282 4794; x_wconf 89' lang='lat' dir='ltr'><strong>liberalem</strong></span> <span class='ocrx_word' id='word_1_227' title='bbox 1302 4732 1417 4794; x_wconf 91' lang='lat' dir='ltr'><strong>nostre</strong></span> <span class='ocrx_word' id='word_1_228' title='bbox 1439 4721 1673 4798; x_wconf 88' lang='lat' dir='ltr'><strong>munificentie</strong></span> <span class='ocrx_word' id='word_1_229' title='bbox 1694 4727 1812 4802; x_wconf 90' lang='lat' dir='ltr'><strong>indul·</strong></span> 
     </span>
     <span class='ocr_line' id='line_1_28' title="bbox 405 4844 1811 4943; baseline 0.008 -26"><span class='ocrx_word' id='word_1_230' title='bbox 405 4844 553 4936; x_wconf 78' lang='lat' dir='ltr'><strong>gentiam</strong></span> <span class='ocrx_word' id='word_1_231' title='bbox 570 4845 690 4917; x_wconf 88' lang='lat' dir='ltr'><strong>venire</strong></span> <span class='ocrx_word' id='word_1_232' title='bbox 707 4847 969 4943; x_wconf 90' lang='lat' dir='ltr'><strong>presumpserit,</strong></span> <span class='ocrx_word' id='word_1_233' title='bbox 990 4854 1105 4919; x_wconf 91' lang='lat' dir='ltr'><strong>nostre</strong></span> <span class='ocrx_word' id='word_1_234' title='bbox 1122 4868 1159 4921; x_wconf 91' lang='lat' dir='ltr'><strong>se</strong></span> <span class='ocrx_word' id='word_1_235' title='bbox 1174 4846 1308 4919; x_wconf 89' lang='lat' dir='ltr'><strong>noverit</strong></span> <span class='ocrx_word' id='word_1_236' title='bbox 1328 4845 1575 4943; x_wconf 77' lang='lat' dir='ltr'><strong>indignationis</strong></span> <span class='ocrx_word' id='word_1_237' title='bbox 1592 4851 1811 4929; x_wconf 87' lang='lat' dir='ltr'><strong>animadver-</strong></span> 
     </span>
     <span class='ocr_line' id='line_1_29' title="bbox 404 4966 752 5065; baseline 0.011 -26"><span class='ocrx_word' id='word_1_238' title='bbox 404 4966 501 5043; x_wconf 92' lang='lat' dir='ltr'><strong>sione</strong></span> <span class='ocrx_word' id='word_1_239' title='bbox 516 4968 752 5065; x_wconf 89' lang='lat' dir='ltr'><strong>plectendum.</strong></span> 
     </span>
    </p>
   </div>
   <div class='ocr_carea' id='block_1_7' title="bbox 0 0 2434 6359">
    <p class='ocr_par' dir='ltr' id='par_1_7' title="bbox 0 0 2434 6359">
     <span class='ocr_line' id='line_1_30' title="bbox 0 0 2434 6359; baseline 0 6"><span class='ocrx_word' id='word_1_240' title='bbox 0 0 2434 6359; x_wconf 95' lang='lat' dir='ltr'><strong> </strong></span> 
     </span>
    </p>
   </div>
  </div>
 </body>
</html>
