4859 6359
616 737 675 800 ¹138
1111 741 1325 803 rulouulcr
1350 741 1524 804 ssscuuur
1838 739 1916 822 [Arta.
1934 743 2019 805 1235

614 882 725 966 geret,
741 874 840 966 quasi
850 883 939 946 esset
949 873 1049 947 nobis
1059 873 1153 947 iliata
1164 875 1303 968 injuria,
1318 876 1434 971 gravis
1448 898 1506 950 cor
1523 886 1677 950 nostrum
1690 878 1839 951 turbatio
1850 878 2019 972 fatigaret,

613 995 878 1069 succedentibus
894 997 1033 1071 ultiouis
1050 998 1223 1094 condigne
1238 1001 1363 1074 studiis
1388 1021 1458 1096 que
1471 1001 1590 1074 haberi
1603 999 1767 1076 condecet
1788 1002 1825 1074 in
1840 1022 2022 1099 presump-

613 1129 726 1193 torum
737 1121 938 1193 excessibus
949 1121 1172 1216 corrigendis.
1247 1119 1252 1130 '

661 1243 786 1316 Datum
802 1245 953 1330 Perusii,
973 1245 1181 1320 Vkalendas
1192 1249 1349 1343 augusti,
1369 1247 1586 1344 pontificatus
1596 1249 1703 1323 nostri
1714 1269 1807 1323 anno
1822 1269 1926 1323 nono.

660 1367 700 1437 in
717 1367 877 1441 eumdem
900 1367 1042 1442 modum
1055 1371 1221 1466 scriptum
1236 1381 1289 1445 est
1313 1373 1475 1468 magistm
1490 1383 1525 1446 et
1543 1373 1706 1448 fratribus
1732 1373 1856 1448 domus
1876 1373 2017 1447 militiae

610 1491 742 1586 Templi
769 1493 1070 1589 Hierosolymitaui
1104 1505 1139 1566 et
1169 1498 1382 1592 praeceptori
1407 1509 1444 1570 et
1469 1499 1631 1571 fratribus
1665 1496 1844 1595 hospitalis
1871 1498 2016 1570 Sanctm

610 1616 738 1689 Mariae
753 1616 1041 1691 Theutonicorum
1058 1618 1095 1690 in
1110 1619 1227 1692 Aooon
1242 1618 1257 1716 (
1280 1617 1308 1716 ).

857 1937 1798 1949 *αισι-..υα--ο--ι--υ--ο-ι-ι-κ--ῴ---οῠ

458 2311 473 2343 ,
533 2279 540 2300 ·
657 2239 862 2351 Gregorius
892 2267 991 2352 popa
1017 2241 1192 2354 episcopo
1214 2243 1478 2354 Ratisponeusi
1500 2241 1659 2327 mandet
1680 2251 1723 2326 ut
1748 2241 1909 2327 Heurico
1930 2242 2010 2327 filio

602 2371 804 2482 Friderici‚
836 2375 1097 2460 Romanorum
1121 2377 1384 2486 imperatoris,
1413 2377 1463 2462 ab
1493 2377 1774 2487 archiepiscopo
1805 2375 2010 2460 Salzebur-

602 2532 718 2618 gense
739 2509 1085 2615 excommunicato,
1113 2509 1275 2592 comsit
1300 2511 1351 2593 ad
1380 2509 1499 2620 patris
1530 2510 1694 2620 gratiam
1707 2507 1791 2620 jam
1813 2533 2005 2615 reversus,

602 2639 801 2724 sufficienti
837 2641 887 2724 ab
922 2666 967 2726 eo
1002 2643 1177 2726 cautione
1205 2653 1375 2754 recepta,
1395 2642 1620 2728 heneficium
1647 2641 1896 2728 absolutionis
1923 2641 2005 2723 im-

601 2773 755 2881 pendet.

681 3009 772 3092 (Edit.
787 3031 836 3092 ap.
850 3013 1136 3089 Rursummnuut
1148 3013 1521 3098 commurmuratus
1535 3017 1575 3092 X,
1589 3023 1724 3096 arogast.
1738 3017 1874 3097 oropus,
1886 3015 1939 3078 lib.
1948 3015 2003 3090 lx,

720 3129 755 3182 n·
770 3122 852 3201 172.)

648 3347 849 3442 Gregorius,
862 3359 945 3441 etc,
960 3350 1123 3446 episcopo
1132 3349 1390 3446 Ratisponensi‚
1404 3350 1592 3448 imperialis
1605 3350 1685 3424 auls
1698 3349 1916 3438 cancellario,
1935 3357 2002 3422 etc.

600 3472 686 3544 Cum
703 3472 828 3545 nobilis
846 3473 901 3544 vir
915 3474 1082 3547 Henricus
1095 3483 1197 3547 uatus
1216 3473 1407 3548 charissimi
1423 3475 1460 3546 iu
1478 3474 1610 3547 Christo
1628 3472 1690 3547 filii
1708 3473 1815 3547 nostri
1842 3471 2005 3546 Friderici

599 3594 828 3668 Romanorum
842 3595 1054 3692 imperatoris
1069 3617 1133 3693 pro
1149 3597 1301 3693 perjurio
1312 3595 1408 3694 quod
1424 3598 1567 3670 incurrit
1583 3619 1622 3670 se
1644 3597 1732 3694 patri
1748 3605 1876 3672 temere
1895 3617 2004 3694 oppo-

600 3717 732 3810 nendo,
759 3721 804 3790 sit
821 3740 884 3814 per
904 3719 1137 3793 venerabilem
1163 3722 1301 3796 fratrum
1323 3730 1480 3795 nostrum
1501 3721 1806 3815 salzeburgensem
1828 3719 2005 3817 archiepi-

599 3861 744 3938 scopum
759 3844 958 3918 auctoritate
973 3853 1088 3918 nostra
1100 3845 1470 3934 ,excommunicationis
1484 3845 1625 3920 viuculo
1638 3843 1836 3938 innodatus,
1856 3865 2005 3942 presen-

599 3967 687 4038 tium
713 3966 776 4038 tibi
802 3967 1005 4040 auctoritate
1031 3969 1239 4044 mandamus
1268 3979 1439 4064 quatenus
1471 3969 1606 4062 eidem,
1640 3991 1720 4042 cum
1751 3970 1797 4042 sit
1818 3968 1866 4043 nd
1895 3969 2004 4064 ipsine

600 4091 811 4186 imperatoris
830 4091 973 4185 gratim
982 4095 1055 4186 jam
1070 4114 1231 4167 reversus
1247 4093 1317 4190 (2),
1342 4094 1445 4189 juxta
1462 4095 1605 4167 formum
1627 4092 1777 4167 Ecclesia
1798 4091 2003 4167 beneficium

606 4311 897 4323 -u-n—-o——Q-
1184 4316 1568 4326 *mm

634 4451 671 4525 (t)
690 4450 865 4508 Adestetiam
883 4467 927 4526 ap.
941 4451 1093 4525 urrunnu,
1106 4453 1206 4510 Annei.
1221 4453 1306 4512 eoctcs.
1326 4453 1361 4511 ad
1377 4469 1440 4511 auu.
1456 4454 1541 4523 ⁴235,
1564 4451 1679 4525 sxta,
1701 4449 1753 4507 sub
1771 4449 1841 4506 notis
1859 4446 2002 4505 chronolo-

597 4546 663 4619 gicis
675 4547 778 4604 eisdem
790 4547 842 4604 alia
855 4548 967 4622 epistola
985 4549 1068 4607 nobili
1079 4550 1137 4608 viro
1154 4549 1248 4609 Joaoni
1265 4550 1300 4607 de
1320 4549 1422 4608 ibelino
1444 4549 1559 4620 directa,
1580 4563 1642 4605 cum
1661 4545 1828 4604 invocatione
1846 4566 1859 4596 r
1876 4543 2002 4616 Spiritum

596 4644 697 4702 consilii
710 4646 839 4715 sanioris,
855 4663 869 4697 »
884 4662 939 4719 qua
949 4647 1066 4719 graviter
1078 4647 1153 4704 illum
1165 4663 1237 4721 papa
1248 4645 1371 4720 objurgat
1383 4663 1417 4704 ex
1428 4661 1461 4704 eo
1474 4647 1547 4718 quod
1562 4659 1607 4702 ras
1618 4643 1743 4718 syriacae
1754 4641 1871 4700 infestet.

630 4745 669 4814 (2)
687 4742 751 4800 inde
764 4742 894 4801 discimus
909 4758 1023 4818 papam,
1037 4744 1146 4802 ineunte
1160 4751 1292 4818 augurato,
1310 4743 1428 4802 nondum
1446 4743 1610 4818 comperisse
1628 4741 1744 4816 quoiioer
1757 4739 1901 4812 Esuriens,
1916 4738 2001 4814 primo

594 4842 623 4898 iu
637 4839 749 4914 gratiam
762 4845 900 4914 receptus,
914 4855 1005 4899 moxe
1021 4841 1087 4899 solio
1101 4841 1129 4898 in
1142 4857 1278 4900 carcerem
1290 4841 1410 4916 deiectum
1421 4839 1511 4900 fuerit.
