<?xml version="1.0" encoding="UTF-8"?>
<!DOCTYPE html PUBLIC "-//W3C//DTD XHTML 1.0 Transitional//EN"
    "http://www.w3.org/TR/xhtml1/DTD/xhtml1-transitional.dtd">
<html xmlns="http://www.w3.org/1999/xhtml" xml:lang="en" lang="en">
 <head>
  <title>
</title>
<meta http-equiv="Content-Type" content="text/html;charset=utf-8" />
  <meta name='ocr-system' content='tesseract 3.04.00' />
  <meta name='ocr-capabilities' content='ocr_page ocr_carea ocr_par ocr_line ocrx_word'/>
</head>
<body>
  <div class='ocr_page' id='page_1' title='image "./historiadiploma05fredgoog_0437.png"; bbox 0 0 4859 6359; ppageno 0'>
   <div class='ocr_carea' id='block_1_1' title="bbox 892 786 1846 854">
    <p class='ocr_par' dir='ltr' id='par_1_1' title="bbox 892 786 1846 854">
     <span class='ocr_line' id='line_1_1' title="bbox 892 786 1846 854; baseline 0.007 -7"><span class='ocrx_word' id='word_1_1' title='bbox 892 786 1019 847; x_wconf 80' lang='lat' dir='ltr'>tunuli</span> <span class='ocrx_word' id='word_1_2' title='bbox 1043 788 1389 851; x_wconf 75' lang='lat' dir='ltr'>nocultuuroutllt.</span> <span class='ocrx_word' id='word_1_3' title='bbox 1784 792 1846 854; x_wconf 76' lang='lat'>979</span> 
     </span>
    </p>
   </div>
   <div class='ocr_carea' id='block_1_2' title="bbox 432 990 570 1110">
    <p class='ocr_par' dir='ltr' id='par_1_2' title="bbox 432 990 570 1110">
     <span class='ocr_line' id='line_1_2' title="bbox 432 990 570 1110; baseline 0 -45"><span class='ocrx_word' id='word_1_4' title='bbox 432 990 570 1110; x_wconf 62' lang='grc'><strong>1440</strong></span> 
     </span>
    </p>
   </div>
   <div class='ocr_carea' id='block_1_3' title="bbox 426 1111 1846 4949">
    <p class='ocr_par' dir='ltr' id='par_1_3' title="bbox 854 1111 1843 1192">
     <span class='ocr_line' id='line_1_3' title="bbox 854 1111 1843 1192; baseline 0.007 -21"><span class='ocrx_word' id='word_1_5' title='bbox 854 1111 1062 1173; x_wconf 81' lang='lat' dir='ltr'>satisfactionis</span> <span class='ocrx_word' id='word_1_6' title='bbox 1069 1121 1298 1190; x_wconf 84' lang='lat' dir='ltr'>praesentasset,</span> <span class='ocrx_word' id='word_1_7' title='bbox 1310 1118 1408 1192; x_wconf 87' lang='lat' dir='ltr'>ipsum</span> <span class='ocrx_word' id='word_1_8' title='bbox 1415 1120 1642 1177; x_wconf 80' lang='lat' dir='ltr'>insuumentum</span> <span class='ocrx_word' id='word_1_9' title='bbox 1651 1117 1795 1178; x_wconf 80' lang='lat' dir='ltr'>Alrnrnmi</span> <span class='ocrx_word' id='word_1_10' title='bbox 1808 1128 1843 1178; x_wconf 84' lang='grc'>11</span> 
     </span>
    </p>

    <p class='ocr_par' dir='ltr' id='par_1_4' title="bbox 856 1210 1844 1275">
     <span class='ocr_line' id='line_1_4' title="bbox 856 1210 1844 1275; baseline 0.005 -6"><span class='ocrx_word' id='word_1_11' title='bbox 856 1211 955 1269; x_wconf 87' lang='lat' dir='ltr'>martii</span> <span class='ocrx_word' id='word_1_12' title='bbox 963 1210 1065 1271; x_wconf 83' lang='lat' dir='ltr'>dotum</span> <span class='ocrx_word' id='word_1_13' title='bbox 1079 1211 1117 1272; x_wconf 90' lang='lat' dir='ltr'>de</span> <span class='ocrx_word' id='word_1_14' title='bbox 1129 1212 1220 1272; x_wconf 87' lang='lat' dir='ltr'>verbe</span> <span class='ocrx_word' id='word_1_15' title='bbox 1232 1213 1407 1275; x_wconf 82' lang='lat' dir='ltr'>adverbum</span> <span class='ocrx_word' id='word_1_16' title='bbox 1422 1215 1526 1274; x_wconf 90' lang='lat' dir='ltr'>inserit</span> <span class='ocrx_word' id='word_1_17' title='bbox 1538 1220 1568 1273; x_wconf 93' lang='lat' dir='ltr'>et</span> <span class='ocrx_word' id='word_1_18' title='bbox 1577 1212 1743 1273; x_wconf 84' lang='lat' dir='ltr'>confirmat.</span> <span class='ocrx_word' id='word_1_19' title='bbox 1786 1222 1844 1275; x_wconf 83' lang='grc'>001</span> 
     </span>
    </p>

    <p class='ocr_par' dir='ltr' id='par_1_5' title="bbox 455 1303 1846 1578">
     <span class='ocr_line' id='line_1_5' title="bbox 455 1303 1846 1384; baseline 0.001 -16"><span class='ocrx_word' id='word_1_20' title='bbox 455 1311 542 1370; x_wconf 85' lang='grc'><strong>4410.</strong></span> <span class='ocrx_word' id='word_1_21' title='bbox 601 1303 791 1379; x_wconf 67' lang='grc'><strong>1104111141-</strong></span> <span class='ocrx_word' id='word_1_22' title='bbox 820 1334 856 1348; x_wconf 92' lang='lat'><em>-</em></span> <span class='ocrx_word' id='word_1_23' title='bbox 875 1305 995 1366; x_wconf 79' lang='lat' dir='ltr'>Civibus</span> <span class='ocrx_word' id='word_1_24' title='bbox 1008 1307 1046 1366; x_wconf 88' lang='lat' dir='ltr'>de</span> <span class='ocrx_word' id='word_1_25' title='bbox 1064 1307 1246 1384; x_wconf 76' lang='lat' dir='ltr'>oppenheim</span> <span class='ocrx_word' id='word_1_26' title='bbox 1260 1309 1409 1369; x_wconf 72' lang='lat' dir='ltr'>nundinas</span> <span class='ocrx_word' id='word_1_27' title='bbox 1421 1326 1533 1369; x_wconf 88' lang='lat' dir='ltr'>annuas</span> <span class='ocrx_word' id='word_1_28' title='bbox 1545 1308 1584 1369; x_wconf 87' lang='lat' dir='ltr'>eb</span> <span class='ocrx_word' id='word_1_29' title='bbox 1597 1314 1702 1369; x_wconf 85' lang='lat' dir='ltr'>octava</span> <span class='ocrx_word' id='word_1_30' title='bbox 1714 1310 1846 1371; x_wconf 76' lang='lat' dir='ltr'><strong>Paschae</strong></span> 
     </span>
     <span class='ocr_line' id='line_1_6' title="bbox 605 1383 1844 1479; baseline 0.006 -20"><span class='ocrx_word' id='word_1_31' title='bbox 605 1383 776 1460; x_wconf 60' lang='grc'><strong>1101111811·</strong></span> <span class='ocrx_word' id='word_1_32' title='bbox 854 1400 958 1462; x_wconf 89' lang='lat' dir='ltr'>diebus</span> <span class='ocrx_word' id='word_1_33' title='bbox 974 1404 1195 1479; x_wconf 79' lang='lat' dir='ltr'>quetumdecim</span> <span class='ocrx_word' id='word_1_34' title='bbox 1208 1405 1377 1465; x_wconf 78' lang='lat' dir='ltr'>solemniter</span> <span class='ocrx_word' id='word_1_35' title='bbox 1389 1406 1567 1465; x_wconf 84' lang='lat' dir='ltr'>exercendas</span> <span class='ocrx_word' id='word_1_36' title='bbox 1588 1406 1737 1477; x_wconf 90' lang='lat' dir='ltr'>concedit,</span> <span class='ocrx_word' id='word_1_37' title='bbox 1752 1412 1844 1467; x_wconf 86' lang='grc'><strong>4144-</strong></span> 
     </span>
     <span class='ocr_line' id='line_1_7' title="bbox 854 1497 1843 1578; baseline 0.005 -21"><span class='ocrx_word' id='word_1_38' title='bbox 854 1497 991 1558; x_wconf 86' lang='lat' dir='ltr'>cedcntes</span> <span class='ocrx_word' id='word_1_39' title='bbox 1010 1499 1048 1559; x_wconf 87' lang='lat' dir='ltr'>ed</span> <span class='ocrx_word' id='word_1_40' title='bbox 1060 1500 1178 1559; x_wconf 84' lang='lat' dir='ltr'>eusdem</span> <span class='ocrx_word' id='word_1_41' title='bbox 1191 1500 1248 1560; x_wconf 93' lang='lat' dir='ltr'>sub</span> <span class='ocrx_word' id='word_1_42' title='bbox 1268 1503 1446 1577; x_wconf 89' lang='lat' dir='ltr'>protectione</span> <span class='ocrx_word' id='word_1_43' title='bbox 1457 1518 1511 1561; x_wconf 89' lang='lat' dir='ltr'>sua</span> <span class='ocrx_word' id='word_1_44' title='bbox 1523 1502 1638 1578; x_wconf 88' lang='lat' dir='ltr'>recipit.</span> <span class='ocrx_word' id='word_1_45' title='bbox 1786 1510 1843 1563; x_wconf 90' lang='grc'>040</span> 
     </span>
    </p>

    <p class='ocr_par' dir='ltr' id='par_1_6' title="bbox 452 1594 1845 1769">
     <span class='ocr_line' id='line_1_8' title="bbox 452 1594 1844 1673; baseline -0.001 -15"><span class='ocrx_word' id='word_1_46' title='bbox 452 1602 539 1659; x_wconf 90' lang='grc'><strong>4410.</strong></span> <span class='ocrx_word' id='word_1_47' title='bbox 589 1594 858 1659; x_wconf 71' lang='grc'><strong>(1041444114.-</strong></span> <span class='ocrx_word' id='word_1_48' title='bbox 876 1595 1065 1673; x_wconf 79' lang='lat' dir='ltr'>Privlleglum</span> <span class='ocrx_word' id='word_1_49' title='bbox 1085 1612 1104 1655; x_wconf 90' lang='grc'>4</span> <span class='ocrx_word' id='word_1_50' title='bbox 1124 1612 1156 1656; x_wconf 89' lang='lat' dir='ltr'>sc</span> <span class='ocrx_word' id='word_1_51' title='bbox 1176 1599 1240 1672; x_wconf 89' lang='lat' dir='ltr'>ipso</span> <span class='ocrx_word' id='word_1_52' title='bbox 1253 1603 1383 1673; x_wconf 83' lang='lat' dir='ltr'>tempore</span> <span class='ocrx_word' id='word_1_53' title='bbox 1395 1598 1478 1673; x_wconf 85' lang='lat' dir='ltr'>regni</span> <span class='ocrx_word' id='word_1_54' title='bbox 1491 1599 1537 1657; x_wconf 90' lang='grc'>441</span> <span class='ocrx_word' id='word_1_55' title='bbox 1551 1597 1664 1657; x_wconf 88' lang='lat' dir='ltr'>civibus</span> <span class='ocrx_word' id='word_1_56' title='bbox 1684 1595 1844 1658; x_wconf 87' lang='lat' dir='ltr'>Colonien-</span> 
     </span>
     <span class='ocr_line' id='line_1_9' title="bbox 855 1688 1845 1769; baseline 0.004 -20"><span class='ocrx_word' id='word_1_57' title='bbox 855 1688 938 1749; x_wconf 86' lang='lat' dir='ltr'>sibus</span> <span class='ocrx_word' id='word_1_58' title='bbox 958 1690 1106 1749; x_wconf 90' lang='lat' dir='ltr'>indultum</span> <span class='ocrx_word' id='word_1_59' title='bbox 1129 1692 1254 1750; x_wconf 82' lang='lat' dir='ltr'>innovat</span> <span class='ocrx_word' id='word_1_60' title='bbox 1272 1696 1302 1750; x_wconf 86' lang='lat' dir='ltr'>et</span> <span class='ocrx_word' id='word_1_61' title='bbox 1321 1690 1493 1763; x_wconf 87' lang='lat' dir='ltr'>couiirmet,</span> <span class='ocrx_word' id='word_1_62' title='bbox 1513 1690 1704 1769; x_wconf 76' lang='lat' dir='ltr'>conceditque</span> <span class='ocrx_word' id='word_1_63' title='bbox 1730 1697 1765 1751; x_wconf 92' lang='lat' dir='ltr'>ut</span> <span class='ocrx_word' id='word_1_64' title='bbox 1789 1708 1845 1753; x_wconf 91' lang='lat' dir='ltr'>nec</span> 
     </span>
    </p>

    <p class='ocr_par' dir='ltr' id='par_1_7' title="bbox 854 1782 1843 1867">
     <span class='ocr_line' id='line_1_10' title="bbox 854 1782 1843 1867; baseline 0.006 -24"><span class='ocrx_word' id='word_1_65' title='bbox 854 1782 966 1843; x_wconf 85' lang='lat' dir='ltr'>scabini</span> <span class='ocrx_word' id='word_1_66' title='bbox 979 1800 1034 1845; x_wconf 88' lang='lat' dir='ltr'>nec</span> <span class='ocrx_word' id='word_1_67' title='bbox 1053 1786 1134 1845; x_wconf 85' lang='lat' dir='ltr'>cives</span> <span class='ocrx_word' id='word_1_68' title='bbox 1152 1785 1191 1845; x_wconf 89' lang='lat' dir='ltr'>nb</span> <span class='ocrx_word' id='word_1_69' title='bbox 1213 1784 1312 1859; x_wconf 83' lang='lat' dir='ltr'>debite</span> <span class='ocrx_word' id='word_1_70' title='bbox 1334 1801 1387 1845; x_wconf 88' lang='lat' dir='ltr'>seu</span> <span class='ocrx_word' id='word_1_71' title='bbox 1408 1786 1615 1861; x_wconf 79' lang='lat' dir='ltr'>promissiones</span> <span class='ocrx_word' id='word_1_72' title='bbox 1632 1789 1843 1867; x_wconf 74' lang='lat' dir='ltr'>cujuscumque</span> 
     </span>
    </p>

    <p class='ocr_par' dir='ltr' id='par_1_8' title="bbox 853 1879 1842 1960">
     <span class='ocr_line' id='line_1_11' title="bbox 853 1879 1842 1960; baseline 0.008 -21"><span class='ocrx_word' id='word_1_73' title='bbox 853 1879 1065 1958; x_wconf 87' lang='lat' dir='ltr'>archiepiscopi</span> <span class='ocrx_word' id='word_1_74' title='bbox 1077 1881 1257 1943; x_wconf 62' lang='lat' dir='ltr'>coloniensis</span> <span class='ocrx_word' id='word_1_75' title='bbox 1269 1888 1321 1943; x_wconf 83' lang='lat' dir='ltr'>aut</span> <span class='ocrx_word' id='word_1_76' title='bbox 1340 1882 1460 1943; x_wconf 80' lang='lat' dir='ltr'>alterins</span> <span class='ocrx_word' id='word_1_77' title='bbox 1473 1896 1630 1959; x_wconf 73' lang='grc'><strong>04140444,</strong></span> <span class='ocrx_word' id='word_1_78' title='bbox 1641 1883 1842 1960; x_wconf 82' lang='lat' dir='ltr'>damnificari,</span> 
     </span>
    </p>

    <p class='ocr_par' dir='ltr' id='par_1_9' title="bbox 853 1978 1841 2056">
     <span class='ocr_line' id='line_1_12' title="bbox 853 1978 1841 2056; baseline 0.006 -19"><span class='ocrx_word' id='word_1_79' title='bbox 853 1978 976 2037; x_wconf 88' lang='lat' dir='ltr'>detineri</span> <span class='ocrx_word' id='word_1_80' title='bbox 988 1984 1041 2038; x_wconf 90' lang='lat' dir='ltr'>unt</span> <span class='ocrx_word' id='word_1_81' title='bbox 1053 1980 1161 2055; x_wconf 73' lang='lat' dir='ltr'>iniuste</span> <span class='ocrx_word' id='word_1_82' title='bbox 1172 1982 1288 2056; x_wconf 81' lang='lat' dir='ltr'>grnvarl</span> <span class='ocrx_word' id='word_1_83' title='bbox 1301 1978 1434 2040; x_wconf 86' lang='lat' dir='ltr'>debeant.</span> <span class='ocrx_word' id='word_1_84' title='bbox 1784 1990 1841 2043; x_wconf 83' lang='grc'>041</span> 
     </span>
    </p>

    <p class='ocr_par' dir='ltr' id='par_1_10' title="bbox 451 2074 1844 2347">
     <span class='ocr_line' id='line_1_13' title="bbox 451 2074 1844 2157; baseline -0.002 -13"><span class='ocrx_word' id='word_1_85' title='bbox 451 2085 541 2144; x_wconf 88' lang='grc'><strong>4410.</strong></span> <span class='ocrx_word' id='word_1_86' title='bbox 599 2080 687 2157; x_wconf 81' lang='lat' dir='ltr'>Apud</span> <span class='ocrx_word' id='word_1_87' title='bbox 702 2082 779 2143; x_wconf 85' lang='lat' dir='ltr'>cen-</span> <span class='ocrx_word' id='word_1_88' title='bbox 813 2105 854 2119; x_wconf 93' lang='lat'>-</span> <span class='ocrx_word' id='word_1_89' title='bbox 873 2074 922 2134; x_wconf 80' lang='lat' dir='ltr'>Ad</span> <span class='ocrx_word' id='word_1_90' title='bbox 935 2076 1104 2152; x_wconf 84' lang='lat' dir='ltr'>petitionem</span> <span class='ocrx_word' id='word_1_91' title='bbox 1117 2077 1227 2136; x_wconf 83' lang='lat' dir='ltr'>civium</span> <span class='ocrx_word' id='word_1_92' title='bbox 1245 2077 1503 2149; x_wconf 81' lang='grc' dir='ltr'><strong>Τ44404444144,</strong></span> <span class='ocrx_word' id='word_1_93' title='bbox 1518 2077 1703 2154; x_wconf 77' lang='lat' dir='ltr'>privilegium</span> <span class='ocrx_word' id='word_1_94' title='bbox 1716 2094 1734 2138; x_wconf 92' lang='lat' dir='ltr'>a</span> <span class='ocrx_word' id='word_1_95' title='bbox 1747 2082 1844 2157; x_wconf 87' lang='lat' dir='ltr'>seipso</span> 
     </span>
     <span class='ocr_line' id='line_1_14' title="bbox 607 2160 1843 2253; baseline 0.004 -20"><span class='ocrx_word' id='word_1_96' title='bbox 607 2160 771 2223; x_wconf 61' lang='lat' dir='ltr'>flitmum·</span> <span class='ocrx_word' id='word_1_97' title='bbox 852 2189 932 2233; x_wconf 91' lang='grc'><strong>4440</strong></span> <span class='ocrx_word' id='word_1_98' title='bbox 947 2173 1146 2233; x_wconf 78' lang='grc'><strong>1410414144</strong></span> <span class='ocrx_word' id='word_1_99' title='bbox 1158 2175 1309 2234; x_wconf 89' lang='lat' dir='ltr'>indultum</span> <span class='ocrx_word' id='word_1_100' title='bbox 1323 2180 1353 2233; x_wconf 89' lang='lat' dir='ltr'>et</span> <span class='ocrx_word' id='word_1_101' title='bbox 1365 2180 1466 2249; x_wconf 86' lang='lat' dir='ltr'>pestes</span> <span class='ocrx_word' id='word_1_102' title='bbox 1477 2176 1614 2235; x_wconf 88' lang='lat' dir='ltr'>incendio</span> <span class='ocrx_word' id='word_1_103' title='bbox 1623 2184 1843 2253; x_wconf 87' lang='lat' dir='ltr'>consumptum,</span> 
     </span>
     <span class='ocr_line' id='line_1_15' title="bbox 852 2270 1843 2347; baseline 0.004 -17"><span class='ocrx_word' id='word_1_104' title='bbox 852 2272 1041 2347; x_wconf 81' lang='lat' dir='ltr'>inquisitione</span> <span class='ocrx_word' id='word_1_105' title='bbox 1053 2272 1135 2347; x_wconf 90' lang='lat' dir='ltr'>prius</span> <span class='ocrx_word' id='word_1_106' title='bbox 1154 2272 1192 2331; x_wconf 90' lang='lat' dir='ltr'>de</span> <span class='ocrx_word' id='word_1_107' title='bbox 1211 2270 1270 2331; x_wconf 82' lang='lat' dir='ltr'>fide</span> <span class='ocrx_word' id='word_1_108' title='bbox 1289 2272 1458 2347; x_wconf 74' lang='lat' dir='ltr'>transcripti</span> <span class='ocrx_word' id='word_1_109' title='bbox 1475 2270 1567 2345; x_wconf 84' lang='grc'><strong>14414,</strong></span> <span class='ocrx_word' id='word_1_110' title='bbox 1582 2279 1705 2333; x_wconf 85' lang='lat' dir='ltr'>renovat</span> <span class='ocrx_word' id='word_1_111' title='bbox 1718 2279 1749 2334; x_wconf 90' lang='lat' dir='ltr'>ct</span> <span class='ocrx_word' id='word_1_112' title='bbox 1762 2276 1843 2335; x_wconf 92' lang='lat' dir='ltr'>inse-</span> 
     </span>
    </p>

    <p class='ocr_par' dir='ltr' id='par_1_11' title="bbox 852 2367 1842 2433">
     <span class='ocr_line' id='line_1_16' title="bbox 852 2367 1842 2433; baseline 0.004 -5"><span class='ocrx_word' id='word_1_113' title='bbox 852 2368 945 2429; x_wconf 89' lang='lat' dir='ltr'>rendo</span> <span class='ocrx_word' id='word_1_114' title='bbox 964 2367 1129 2429; x_wconf 83' lang='lat' dir='ltr'>conilrmat.</span> <span class='ocrx_word' id='word_1_115' title='bbox 1245 2376 1248 2383; x_wconf 86' lang='grc'><strong>“</strong></span> <span class='ocrx_word' id='word_1_116' title='bbox 1784 2380 1842 2433; x_wconf 79' lang='grc'>040</span> 
     </span>
    </p>

    <p class='ocr_par' dir='ltr' id='par_1_12' title="bbox 426 2464 1845 2739">
     <span class='ocr_line' id='line_1_17' title="bbox 450 2464 1845 2555; baseline 0.004 -31"><span class='ocrx_word' id='word_1_117' title='bbox 450 2472 542 2547; x_wconf 77' lang='lat' dir='ltr'>[maio</span> <span class='ocrx_word' id='word_1_118' title='bbox 589 2507 797 2530; x_wconf 86' lang='grc'><strong>.......</strong></span> <span class='ocrx_word' id='word_1_119' title='bbox 811 2496 853 2511; x_wconf 90' lang='grc'><strong>-</strong></span> <span class='ocrx_word' id='word_1_120' title='bbox 871 2464 1022 2525; x_wconf 84' lang='lat' dir='ltr'>Fidcllbus</span> <span class='ocrx_word' id='word_1_121' title='bbox 1043 2467 1106 2525; x_wconf 92' lang='lat' dir='ltr'>suls</span> <span class='ocrx_word' id='word_1_122' title='bbox 1124 2464 1304 2542; x_wconf 86' lang='lat' dir='ltr'>encyclicam</span> <span class='ocrx_word' id='word_1_123' title='bbox 1320 2466 1485 2542; x_wconf 84' lang='lat' dir='ltr'>mittitque</span> <span class='ocrx_word' id='word_1_124' title='bbox 1499 2470 1579 2525; x_wconf 83' lang='lat' dir='ltr'>stetu</span> <span class='ocrx_word' id='word_1_125' title='bbox 1592 2464 1713 2555; x_wconf 62' lang='lat' dir='ltr'>perideo</span> <span class='ocrx_word' id='word_1_126' title='bbox 1726 2468 1845 2544; x_wconf 90' lang='lat' dir='ltr'>imperii</span> 
     </span>
     <span class='ocr_line' id='line_1_18' title="bbox 426 2553 1844 2639; baseline 0.004 -17"><span class='ocrx_word' id='word_1_127' title='bbox 426 2553 565 2630; x_wconf 62' lang='grc'><strong>1111111110]</strong></span> <span class='ocrx_word' id='word_1_128' title='bbox 851 2567 882 2623; x_wconf 85' lang='grc'>41</span> <span class='ocrx_word' id='word_1_129' title='bbox 897 2560 1054 2622; x_wconf 81' lang='lat' dir='ltr'>rebellione</span> <span class='ocrx_word' id='word_1_130' title='bbox 1074 2561 1308 2622; x_wconf 71' lang='lat' dir='ltr'>lombardorum</span> <span class='ocrx_word' id='word_1_131' title='bbox 1321 2561 1416 2622; x_wconf 84' lang='lat' dir='ltr'>insius</span> <span class='ocrx_word' id='word_1_132' title='bbox 1431 2564 1592 2639; x_wconf 86' lang='lat' dir='ltr'>expositis,</span> <span class='ocrx_word' id='word_1_133' title='bbox 1607 2564 1730 2624; x_wconf 87' lang='lat' dir='ltr'>mandet</span> <span class='ocrx_word' id='word_1_134' title='bbox 1748 2571 1782 2626; x_wconf 91' lang='lat' dir='ltr'>ut</span> <span class='ocrx_word' id='word_1_135' title='bbox 1804 2566 1844 2628; x_wconf 87' lang='lat' dir='ltr'>ed</span> 
     </span>
     <span class='ocr_line' id='line_1_19' title="bbox 851 2658 1843 2739; baseline 0.002 -20"><span class='ocrx_word' id='word_1_136' title='bbox 851 2660 963 2719; x_wconf 80' lang='lat' dir='ltr'>curium</span> <span class='ocrx_word' id='word_1_137' title='bbox 979 2674 1071 2736; x_wconf 84' lang='lat' dir='ltr'>quem</span> <span class='ocrx_word' id='word_1_138' title='bbox 1082 2658 1163 2735; x_wconf 89' lang='lat' dir='ltr'>apud</span> <span class='ocrx_word' id='word_1_139' title='bbox 1178 2658 1358 2719; x_wconf 78' lang='lat' dir='ltr'>Placentiam</span> <span class='ocrx_word' id='word_1_140' title='bbox 1370 2658 1458 2719; x_wconf 84' lang='lat' dir='ltr'>duxlt</span> <span class='ocrx_word' id='word_1_141' title='bbox 1469 2659 1657 2719; x_wconf 87' lang='lat' dir='ltr'>indicendam</span> <span class='ocrx_word' id='word_1_142' title='bbox 1670 2676 1702 2721; x_wconf 90' lang='grc'>44</span> <span class='ocrx_word' id='word_1_143' title='bbox 1713 2678 1843 2739; x_wconf 89' lang='lat' dir='ltr'>praepa-</span> 
     </span>
    </p>

    <p class='ocr_par' dir='ltr' id='par_1_13' title="bbox 851 2754 1844 2835">
     <span class='ocr_line' id='line_1_20' title="bbox 851 2754 1844 2835; baseline 0.003 -17"><span class='ocrx_word' id='word_1_144' title='bbox 851 2762 938 2835; x_wconf 89' lang='lat' dir='ltr'>rent,</span> <span class='ocrx_word' id='word_1_145' title='bbox 950 2756 1003 2817; x_wconf 89' lang='lat' dir='ltr'>ubi</span> <span class='ocrx_word' id='word_1_146' title='bbox 1016 2756 1230 2818; x_wconf 73' lang='lat' dir='ltr'>ambassiatores</span> <span class='ocrx_word' id='word_1_147' title='bbox 1248 2757 1338 2815; x_wconf 86' lang='lat' dir='ltr'>etlam</span> <span class='ocrx_word' id='word_1_148' title='bbox 1356 2754 1507 2817; x_wconf 84' lang='lat' dir='ltr'>rebellium</span> <span class='ocrx_word' id='word_1_149' title='bbox 1520 2757 1675 2817; x_wconf 83' lang='lat' dir='ltr'>civitatem</span> <span class='ocrx_word' id='word_1_150' title='bbox 1688 2762 1844 2821; x_wconf 82' lang='lat' dir='ltr'>convocari</span> 
     </span>
    </p>

    <p class='ocr_par' dir='ltr' id='par_1_14' title="bbox 849 2848 1840 2916">
     <span class='ocr_line' id='line_1_21' title="bbox 849 2848 1840 2916; baseline 0 -1"><span class='ocrx_word' id='word_1_151' title='bbox 849 2854 986 2915; x_wconf 74' lang='lat' dir='ltr'>debeam.</span> <span class='ocrx_word' id='word_1_152' title='bbox 1372 2848 1377 2859; x_wconf 83' lang='lat'>&#39;</span> <span class='ocrx_word' id='word_1_153' title='bbox 1782 2864 1840 2916; x_wconf 81' lang='grc'>044</span> 
     </span>
    </p>

    <p class='ocr_par' dir='ltr' id='par_1_15' title="bbox 436 2948 1843 3127">
     <span class='ocr_line' id='line_1_22' title="bbox 436 2948 1843 3031; baseline -0.001 -17"><span class='ocrx_word' id='word_1_154' title='bbox 436 2954 552 3031; x_wconf 90' lang='grc'><strong>[4410.]</strong></span> <span class='ocrx_word' id='word_1_155' title='bbox 585 2992 794 3012; x_wconf 87' lang='grc'><strong>.......</strong></span> <span class='ocrx_word' id='word_1_156' title='bbox 810 2984 851 2998; x_wconf 98' lang='grc'>-</span> <span class='ocrx_word' id='word_1_157' title='bbox 869 2954 944 3030; x_wconf 77' lang='lat' dir='ltr'>Regi</span> <span class='ocrx_word' id='word_1_158' title='bbox 961 2951 1117 3011; x_wconf 84' lang='lat' dir='ltr'>Bobcmlue</span> <span class='ocrx_word' id='word_1_159' title='bbox 1128 2956 1159 3011; x_wconf 87' lang='lat' dir='ltr'>et</span> <span class='ocrx_word' id='word_1_160' title='bbox 1171 2950 1238 3011; x_wconf 84' lang='lat' dir='ltr'>eliis</span> <span class='ocrx_word' id='word_1_161' title='bbox 1257 2948 1437 3027; x_wconf 83' lang='lat' dir='ltr'>principibus</span> <span class='ocrx_word' id='word_1_162' title='bbox 1459 2950 1521 3009; x_wconf 90' lang='lat' dir='ltr'>suls</span> <span class='ocrx_word' id='word_1_163' title='bbox 1540 2952 1638 3010; x_wconf 82' lang='lat' dir='ltr'>varios</span> <span class='ocrx_word' id='word_1_164' title='bbox 1660 2956 1690 3011; x_wconf 92' lang='lat' dir='ltr'>et</span> <span class='ocrx_word' id='word_1_165' title='bbox 1710 2966 1843 3014; x_wconf 88' lang='lat' dir='ltr'>enormes</span> 
     </span>
     <span class='ocr_line' id='line_1_23' title="bbox 849 3046 1843 3127; baseline 0.002 -17"><span class='ocrx_word' id='word_1_166' title='bbox 849 3064 987 3110; x_wconf 77' lang='grc'><strong>44444444</strong></span> <span class='ocrx_word' id='word_1_167' title='bbox 998 3062 1018 3107; x_wconf 86' lang='grc'>4</span> <span class='ocrx_word' id='word_1_168' title='bbox 1029 3046 1106 3107; x_wconf 90' lang='lat' dir='ltr'>duee</span> <span class='ocrx_word' id='word_1_169' title='bbox 1118 3048 1257 3107; x_wconf 81' lang='lat' dir='ltr'>Austrlac</span> <span class='ocrx_word' id='word_1_170' title='bbox 1267 3052 1331 3107; x_wconf 91' lang='grc'>144</span> <span class='ocrx_word' id='word_1_171' title='bbox 1342 3047 1420 3106; x_wconf 87' lang='lat' dir='ltr'>circa</span> <span class='ocrx_word' id='word_1_172' title='bbox 1434 3046 1587 3123; x_wconf 89' lang='lat' dir='ltr'>imperium</span> <span class='ocrx_word' id='word_1_173' title='bbox 1601 3062 1694 3123; x_wconf 78' lang='grc'><strong>4444</strong></span> <span class='ocrx_word' id='word_1_174' title='bbox 1705 3049 1737 3107; x_wconf 93' lang='grc'>14</span> <span class='ocrx_word' id='word_1_175' title='bbox 1750 3050 1843 3127; x_wconf 85' lang='lat' dir='ltr'>ipsius</span> 
     </span>
    </p>

    <p class='ocr_par' dir='ltr' id='par_1_16' title="bbox 848 3141 1840 3221">
     <span class='ocr_line' id='line_1_24' title="bbox 848 3141 1840 3221; baseline 0.004 -16"><span class='ocrx_word' id='word_1_176' title='bbox 848 3150 928 3205; x_wconf 86' lang='grc'><strong>1444</strong></span> <span class='ocrx_word' id='word_1_177' title='bbox 942 3148 1124 3220; x_wconf 74' lang='lat' dir='ltr'>perpetratos</span> <span class='ocrx_word' id='word_1_178' title='bbox 1136 3141 1231 3202; x_wconf 87' lang='grc'><strong>144144</strong></span> <span class='ocrx_word' id='word_1_179' title='bbox 1242 3148 1371 3216; x_wconf 74' lang='lat' dir='ltr'>suamet,</span> <span class='ocrx_word' id='word_1_180' title='bbox 1386 3147 1545 3219; x_wconf 72' lang='grc'><strong>40441444</strong></span> <span class='ocrx_word' id='word_1_181' title='bbox 1558 3147 1592 3202; x_wconf 91' lang='lat' dir='ltr'>ut</span> <span class='ocrx_word' id='word_1_182' title='bbox 1605 3145 1636 3202; x_wconf 93' lang='grc'>14</span> <span class='ocrx_word' id='word_1_183' title='bbox 1648 3146 1713 3221; x_wconf 85' lang='lat' dir='ltr'>ejus</span> <span class='ocrx_word' id='word_1_184' title='bbox 1726 3162 1840 3209; x_wconf 82' lang='grc'><strong>40444-</strong></span> 
     </span>
    </p>

    <p class='ocr_par' dir='ltr' id='par_1_17' title="bbox 847 3240 1839 3316">
     <span class='ocr_line' id='line_1_25' title="bbox 847 3240 1839 3316; baseline 0.003 -15"><span class='ocrx_word' id='word_1_185' title='bbox 847 3243 960 3301; x_wconf 86' lang='lat' dir='ltr'>tionem</span> <span class='ocrx_word' id='word_1_186' title='bbox 971 3246 1002 3301; x_wconf 91' lang='grc'>41</span> <span class='ocrx_word' id='word_1_187' title='bbox 1013 3240 1221 3301; x_wconf 75' lang='grc'><strong>4414414144</strong></span> <span class='ocrx_word' id='word_1_188' title='bbox 1233 3240 1400 3316; x_wconf 82' lang='lat' dir='ltr'>insurgent.</span> <span class='ocrx_word' id='word_1_189' title='bbox 1782 3252 1839 3305; x_wconf 81' lang='grc'>004</span> 
     </span>
    </p>

    <p class='ocr_par' dir='ltr' id='par_1_18' title="bbox 447 3335 1840 3510">
     <span class='ocr_line' id='line_1_26' title="bbox 447 3335 1840 3416; baseline -0.001 -15"><span class='ocrx_word' id='word_1_190' title='bbox 447 3343 535 3402; x_wconf 85' lang='grc'><strong>4410.</strong></span> <span class='ocrx_word' id='word_1_191' title='bbox 589 3336 783 3416; x_wconf 84' lang='lat' dir='ltr'>Bopperdlue.</span> <span class='ocrx_word' id='word_1_192' title='bbox 809 3370 849 3384; x_wconf 99' lang='lat'>-</span> <span class='ocrx_word' id='word_1_193' title='bbox 868 3338 1038 3398; x_wconf 77' lang='lat' dir='ltr'>Hermone</span> <span class='ocrx_word' id='word_1_194' title='bbox 1051 3337 1192 3415; x_wconf 80' lang='lat' dir='ltr'>magistro</span> <span class='ocrx_word' id='word_1_195' title='bbox 1203 3335 1309 3396; x_wconf 87' lang='lat' dir='ltr'>domus</span> <span class='ocrx_word' id='word_1_196' title='bbox 1321 3335 1570 3397; x_wconf 86' lang='lat' dir='ltr'>Theutonlnorum</span> <span class='ocrx_word' id='word_1_197' title='bbox 1587 3335 1710 3397; x_wconf 81' lang='grc'><strong>8444144</strong></span> <span class='ocrx_word' id='word_1_198' title='bbox 1730 3338 1840 3400; x_wconf 86' lang='lat' dir='ltr'>Mariae</span> 
     </span>
     <span class='ocr_line' id='line_1_27' title="bbox 848 3431 1840 3510; baseline 0.002 -16"><span class='ocrx_word' id='word_1_199' title='bbox 848 3440 879 3495; x_wconf 92' lang='lat' dir='ltr'>et</span> <span class='ocrx_word' id='word_1_200' title='bbox 890 3434 1031 3494; x_wconf 78' lang='lat' dir='ltr'>irsbibus</span> <span class='ocrx_word' id='word_1_201' title='bbox 1044 3436 1109 3510; x_wconf 75' lang='lat' dir='ltr'>ejus</span> <span class='ocrx_word' id='word_1_202' title='bbox 1121 3431 1277 3492; x_wconf 80' lang='lat' dir='ltr'>confirmet</span> <span class='ocrx_word' id='word_1_203' title='bbox 1289 3432 1474 3493; x_wconf 82' lang='lat' dir='ltr'>collationem</span> <span class='ocrx_word' id='word_1_204' title='bbox 1487 3432 1641 3510; x_wconf 68' lang='lat' dir='ltr'>cujusdem</span> <span class='ocrx_word' id='word_1_205' title='bbox 1653 3432 1760 3494; x_wconf 91' lang='lat' dir='ltr'>domus</span> <span class='ocrx_word' id='word_1_206' title='bbox 1772 3450 1840 3497; x_wconf 90' lang='grc'>444</span> 
     </span>
    </p>

    <p class='ocr_par' dir='ltr' id='par_1_19' title="bbox 848 3528 1840 3607">
     <span class='ocr_line' id='line_1_28' title="bbox 848 3528 1840 3607; baseline 0.001 -15"><span class='ocrx_word' id='word_1_207' title='bbox 848 3536 931 3592; x_wconf 81' lang='lat' dir='ltr'>curte</span> <span class='ocrx_word' id='word_1_208' title='bbox 943 3530 1023 3607; x_wconf 87' lang='lat' dir='ltr'>apud</span> <span class='ocrx_word' id='word_1_209' title='bbox 1035 3529 1212 3606; x_wconf 85' lang='lat' dir='ltr'>Bopardiem</span> <span class='ocrx_word' id='word_1_210' title='bbox 1237 3545 1256 3588; x_wconf 92' lang='grc'>4</span> <span class='ocrx_word' id='word_1_211' title='bbox 1277 3528 1420 3607; x_wconf 79' lang='lat' dir='ltr'>Lutgardi</span> <span class='ocrx_word' id='word_1_212' title='bbox 1433 3528 1471 3589; x_wconf 88' lang='lat' dir='ltr'>de</span> <span class='ocrx_word' id='word_1_213' title='bbox 1483 3529 1763 3591; x_wconf 85' lang='lat' dir='ltr'>Waltmausbausen</span> <span class='ocrx_word' id='word_1_214' title='bbox 1776 3534 1840 3593; x_wconf 87' lang='lat' dir='ltr'>eis-</span> 
     </span>
    </p>

    <p class='ocr_par' dir='ltr' id='par_1_20' title="bbox 848 3626 1837 3690">
     <span class='ocr_line' id='line_1_29' title="bbox 848 3626 1837 3690; baseline 0.003 -3"><span class='ocrx_word' id='word_1_215' title='bbox 848 3629 916 3688; x_wconf 84' lang='lat' dir='ltr'>(lem</span> <span class='ocrx_word' id='word_1_216' title='bbox 929 3626 1048 3687; x_wconf 74' lang='grc'><strong>1001014.</strong></span> <span class='ocrx_word' id='word_1_217' title='bbox 1779 3638 1837 3690; x_wconf 82' lang='grc'>858</span> 
     </span>
    </p>

    <p class='ocr_par' dir='ltr' id='par_1_21' title="bbox 427 3722 1839 3898">
     <span class='ocr_line' id='line_1_30' title="bbox 427 3722 1839 3801; baseline 0.001 -15"><span class='ocrx_word' id='word_1_218' title='bbox 427 3735 460 3787; x_wconf 96' lang='grc'>10</span> <span class='ocrx_word' id='word_1_219' title='bbox 480 3729 558 3790; x_wconf 82' lang='grc'><strong>4411</strong></span> <span class='ocrx_word' id='word_1_220' title='bbox 587 3724 781 3788; x_wconf 85' lang='lat' dir='ltr'>Wlesbeden.</span> <span class='ocrx_word' id='word_1_221' title='bbox 809 3756 847 3771; x_wconf 96' lang='lat'><em>-</em></span> <span class='ocrx_word' id='word_1_222' title='bbox 868 3724 978 3786; x_wconf 80' lang='lat' dir='ltr'>Scribit</span> <span class='ocrx_word' id='word_1_223' title='bbox 996 3724 1126 3785; x_wconf 84' lang='lat' dir='ltr'>iohanni</span> <span class='ocrx_word' id='word_1_224' title='bbox 1146 3723 1301 3785; x_wconf 72' lang='lat' dir='ltr'>leodiensi</span> <span class='ocrx_word' id='word_1_225' title='bbox 1323 3723 1459 3799; x_wconf 79' lang='lat' dir='ltr'>episcopo</span> <span class='ocrx_word' id='word_1_226' title='bbox 1479 3736 1511 3783; x_wconf 86' lang='lat' dir='ltr'>ss</span> <span class='ocrx_word' id='word_1_227' title='bbox 1532 3722 1571 3783; x_wconf 86' lang='lat' dir='ltr'>ad</span> <span class='ocrx_word' id='word_1_228' title='bbox 1594 3723 1839 3801; x_wconf 78' lang='lat' dir='ltr'>supplicationem</span> 
     </span>
     <span class='ocr_line' id='line_1_31' title="bbox 848 3818 1839 3898; baseline -0.002 -15"><span class='ocrx_word' id='word_1_229' title='bbox 848 3822 996 3883; x_wconf 81' lang='grc'><strong>(14404141</strong></span> <span class='ocrx_word' id='word_1_230' title='bbox 1012 3821 1134 3898; x_wconf 84' lang='lat' dir='ltr'>capituli</span> <span class='ocrx_word' id='word_1_231' title='bbox 1154 3820 1255 3881; x_wconf 87' lang='lat' dir='ltr'>Sencti</span> <span class='ocrx_word' id='word_1_232' title='bbox 1266 3819 1391 3879; x_wconf 79' lang='lat' dir='ltr'>Sereatd</span> <span class='ocrx_word' id='word_1_233' title='bbox 1404 3818 1442 3880; x_wconf 90' lang='lat' dir='ltr'>de</span> <span class='ocrx_word' id='word_1_234' title='bbox 1462 3818 1609 3898; x_wconf 78' lang='lat' dir='ltr'>Treiecto,</span> <span class='ocrx_word' id='word_1_235' title='bbox 1624 3821 1717 3897; x_wconf 89' lang='lat' dir='ltr'>ipsius</span> <span class='ocrx_word' id='word_1_236' title='bbox 1737 3824 1839 3897; x_wconf 85' lang='lat' dir='ltr'>provl·</span> 
     </span>
    </p>

    <p class='ocr_par' dir='ltr' id='par_1_22' title="bbox 847 3915 1839 3992">
     <span class='ocr_line' id='line_1_32' title="bbox 847 3915 1839 3992; baseline 0 -13"><span class='ocrx_word' id='word_1_237' title='bbox 847 3921 924 3981; x_wconf 91' lang='lat' dir='ltr'>sioni</span> <span class='ocrx_word' id='word_1_238' title='bbox 936 3924 966 3978; x_wconf 89' lang='lat' dir='ltr'>ct</span> <span class='ocrx_word' id='word_1_239' title='bbox 978 3916 1140 3978; x_wconf 76' lang='lat' dir='ltr'>defensioni</span> <span class='ocrx_word' id='word_1_240' title='bbox 1153 3916 1289 3977; x_wconf 85' lang='lat' dir='ltr'>eamdem</span> <span class='ocrx_word' id='word_1_241' title='bbox 1299 3915 1443 3991; x_wconf 73' lang='lat' dir='ltr'>apellem</span> <span class='ocrx_word' id='word_1_242' title='bbox 1455 3916 1487 3975; x_wconf 93' lang='lat' dir='ltr'>lu</span> <span class='ocrx_word' id='word_1_243' title='bbox 1506 3916 1707 3992; x_wconf 74' lang='lat' dir='ltr'>spiritualibus</span> <span class='ocrx_word' id='word_1_244' title='bbox 1721 3922 1751 3977; x_wconf 89' lang='lat' dir='ltr'>et</span> <span class='ocrx_word' id='word_1_245' title='bbox 1763 3924 1839 3979; x_wconf 87' lang='lat' dir='ltr'>tem·</span> 
     </span>
    </p>

    <p class='ocr_par' dir='ltr' id='par_1_23' title="bbox 847 4012 1838 4093">
     <span class='ocr_line' id='line_1_33' title="bbox 847 4012 1838 4093; baseline 0 -16"><span class='ocrx_word' id='word_1_246' title='bbox 847 4016 997 4093; x_wconf 87' lang='lat' dir='ltr'>porellbus</span> <span class='ocrx_word' id='word_1_247' title='bbox 1009 4016 1192 4075; x_wconf 76' lang='grc'><strong>4044111444</strong></span> <span class='ocrx_word' id='word_1_248' title='bbox 1211 4020 1247 4075; x_wconf 88' lang='lat' dir='ltr'>ut</span> <span class='ocrx_word' id='word_1_249' title='bbox 1264 4014 1342 4073; x_wconf 83' lang='lat' dir='ltr'>hunc</span> <span class='ocrx_word' id='word_1_250' title='bbox 1360 4012 1399 4073; x_wconf 91' lang='lat' dir='ltr'>ab</span> <span class='ocrx_word' id='word_1_251' title='bbox 1411 4012 1629 4073; x_wconf 82' lang='lat' dir='ltr'>incursionibus</span> <span class='ocrx_word' id='word_1_252' title='bbox 1640 4014 1838 4093; x_wconf 81' lang='lat' dir='ltr'>malignorum</span> 
     </span>
    </p>

    <p class='ocr_par' dir='ltr' id='par_1_24' title="bbox 817 4120 1836 4175">
     <span class='ocr_line' id='line_1_34' title="bbox 817 4120 1836 4175; baseline -0.003 -1"><span class='ocrx_word' id='word_1_253' title='bbox 817 4128 821 4133; x_wconf 91' lang='grc'><em>·</em></span> <span class='ocrx_word' id='word_1_254' title='bbox 845 4120 975 4175; x_wconf 82' lang='lat' dir='ltr'>tueatur.</span> <span class='ocrx_word' id='word_1_255' title='bbox 1778 4120 1836 4171; x_wconf 83' lang='lat'>859</span> 
     </span>
    </p>

    <p class='ocr_par' dir='ltr' id='par_1_25' title="bbox 445 4202 1837 4383">
     <span class='ocr_line' id='line_1_35' title="bbox 445 4202 1837 4276; baseline 0.001 -9"><span class='ocrx_word' id='word_1_256' title='bbox 445 4208 531 4267; x_wconf 87' lang='grc'><strong>4410.</strong></span> <span class='ocrx_word' id='word_1_257' title='bbox 585 4210 776 4276; x_wconf 83' lang='lat' dir='ltr'>Wlesbaden.</span> <span class='ocrx_word' id='word_1_258' title='bbox 806 4242 846 4257; x_wconf 88' lang='lat'><em>-</em></span> <span class='ocrx_word' id='word_1_259' title='bbox 865 4210 1013 4271; x_wconf 81' lang='lat' dir='ltr'>Abbatem</span> <span class='ocrx_word' id='word_1_260' title='bbox 1026 4215 1056 4269; x_wconf 89' lang='lat' dir='ltr'>et</span> <span class='ocrx_word' id='word_1_261' title='bbox 1069 4214 1247 4269; x_wconf 86' lang='lat' dir='ltr'>conventum</span> <span class='ocrx_word' id='word_1_262' title='bbox 1261 4208 1298 4268; x_wconf 88' lang='lat' dir='ltr'>de</span> <span class='ocrx_word' id='word_1_263' title='bbox 1311 4204 1505 4269; x_wconf 85' lang='lat' dir='ltr'>ileisterbnch</span> <span class='ocrx_word' id='word_1_264' title='bbox 1518 4202 1716 4267; x_wconf 78' lang='lat' dir='ltr'>cisterciensis</span> <span class='ocrx_word' id='word_1_265' title='bbox 1725 4208 1837 4269; x_wconf 84' lang='lat' dir='ltr'>ordinis</span> 
     </span>
     <span class='ocr_line' id='line_1_36' title="bbox 844 4303 1836 4383; baseline -0.003 -14"><span class='ocrx_word' id='word_1_266' title='bbox 844 4307 901 4369; x_wconf 91' lang='lat' dir='ltr'>snb</span> <span class='ocrx_word' id='word_1_267' title='bbox 914 4324 969 4369; x_wconf 86' lang='lat' dir='ltr'>sua</span> <span class='ocrx_word' id='word_1_268' title='bbox 980 4313 1012 4367; x_wconf 86' lang='lat' dir='ltr'>et</span> <span class='ocrx_word' id='word_1_269' title='bbox 1024 4308 1138 4383; x_wconf 83' lang='lat' dir='ltr'>imperil</span> <span class='ocrx_word' id='word_1_270' title='bbox 1150 4306 1269 4382; x_wconf 82' lang='lat' dir='ltr'>speciali</span> <span class='ocrx_word' id='word_1_271' title='bbox 1281 4303 1462 4381; x_wconf 86' lang='lat' dir='ltr'>proiectione</span> <span class='ocrx_word' id='word_1_272' title='bbox 1474 4304 1587 4380; x_wconf 86' lang='lat' dir='ltr'>recipit.</span> <span class='ocrx_word' id='word_1_273' title='bbox 1778 4314 1836 4367; x_wconf 90' lang='grc'>000</span> 
     </span>
    </p>

    <p class='ocr_par' dir='ltr' id='par_1_26' title="bbox 443 4398 1836 4578">
     <span class='ocr_line' id='line_1_37' title="bbox 443 4398 1836 4483; baseline 0.002 -23"><span class='ocrx_word' id='word_1_274' title='bbox 443 4403 532 4463; x_wconf 88' lang='grc'><strong>4410.</strong></span> <span class='ocrx_word' id='word_1_275' title='bbox 634 4404 723 4481; x_wconf 77' lang='lat' dir='ltr'>Apud</span> <span class='ocrx_word' id='word_1_276' title='bbox 805 4435 845 4451; x_wconf 90' lang='lat'>-</span> <span class='ocrx_word' id='word_1_277' title='bbox 862 4404 1036 4483; x_wconf 80' lang='lat' dir='ltr'>Magistrum</span> <span class='ocrx_word' id='word_1_278' title='bbox 1052 4408 1273 4463; x_wconf 83' lang='lat' dir='ltr'>etconventum</span> <span class='ocrx_word' id='word_1_279' title='bbox 1292 4401 1461 4461; x_wconf 83' lang='grc'><strong>4040414411</strong></span> <span class='ocrx_word' id='word_1_280' title='bbox 1480 4398 1639 4461; x_wconf 85' lang='lat' dir='ltr'>Fusseulcb</span> <span class='ocrx_word' id='word_1_281' title='bbox 1652 4401 1753 4477; x_wconf 78' lang='lat' dir='ltr'>(Juxta</span> <span class='ocrx_word' id='word_1_282' title='bbox 1765 4403 1836 4463; x_wconf 91' lang='grc' dir='ltr'><strong>Ζ41-</strong></span> 
     </span>
     <span class='ocr_line' id='line_1_38' title="bbox 574 4484 1835 4578; baseline -0.001 -18"><span class='ocrx_word' id='word_1_283' title='bbox 574 4484 788 4547; x_wconf 67' lang='lat' dir='ltr'>Ffwkfflf‘ifd·</span> <span class='ocrx_word' id='word_1_284' title='bbox 844 4500 928 4578; x_wconf 81' lang='lat' dir='ltr'>pich)</span> <span class='ocrx_word' id='word_1_285' title='bbox 942 4516 1010 4560; x_wconf 91' lang='lat' dir='ltr'>cnm</span> <span class='ocrx_word' id='word_1_286' title='bbox 1027 4498 1165 4559; x_wconf 90' lang='lat' dir='ltr'>omnibus</span> <span class='ocrx_word' id='word_1_287' title='bbox 1182 4513 1283 4558; x_wconf 86' lang='lat' dir='ltr'>earum</span> <span class='ocrx_word' id='word_1_288' title='bbox 1297 4497 1383 4557; x_wconf 88' lang='lat' dir='ltr'>bouis</span> <span class='ocrx_word' id='word_1_289' title='bbox 1395 4496 1452 4557; x_wconf 89' lang='lat' dir='ltr'>sub</span> <span class='ocrx_word' id='word_1_290' title='bbox 1469 4511 1524 4557; x_wconf 90' lang='grc'>444</span> <span class='ocrx_word' id='word_1_291' title='bbox 1542 4500 1572 4556; x_wconf 88' lang='grc'>41</span> <span class='ocrx_word' id='word_1_292' title='bbox 1593 4498 1708 4573; x_wconf 89' lang='lat' dir='ltr'>imperii</span> <span class='ocrx_word' id='word_1_293' title='bbox 1720 4494 1835 4574; x_wconf 72' lang='grc'><strong>[440144-</strong></span> 
     </span>
    </p>

    <p class='ocr_par' dir='ltr' id='par_1_27' title="bbox 820 4597 1829 4673">
     <span class='ocr_line' id='line_1_39' title="bbox 820 4597 1829 4673; baseline -0.001 -17"><span class='ocrx_word' id='word_1_294' title='bbox 820 4616 824 4624; x_wconf 77' lang='grc'><strong><em>’</em></strong></span> <span class='ocrx_word' id='word_1_295' title='bbox 843 4598 923 4657; x_wconf 86' lang='grc'><strong>11044</strong></span> <span class='ocrx_word' id='word_1_296' title='bbox 939 4597 1054 4673; x_wconf 87' lang='lat' dir='ltr'>recipit.</span> <span class='ocrx_word' id='word_1_297' title='bbox 1774 4601 1829 4655; x_wconf 87' lang='grc'>001</span> 
     </span>
    </p>

    <p class='ocr_par' dir='ltr' id='par_1_28' title="bbox 441 4688 1835 4949">
     <span class='ocr_line' id='line_1_40' title="bbox 441 4688 1835 4770; baseline 0.001 -19"><span class='ocrx_word' id='word_1_298' title='bbox 441 4694 528 4753; x_wconf 89' lang='grc'><strong>4410.</strong></span> <span class='ocrx_word' id='word_1_299' title='bbox 638 4692 727 4769; x_wconf 80' lang='lat' dir='ltr'>Apud</span> <span class='ocrx_word' id='word_1_300' title='bbox 803 4725 844 4739; x_wconf 93' lang='lat'>-</span> <span class='ocrx_word' id='word_1_301' title='bbox 863 4692 922 4753; x_wconf 86' lang='lat' dir='ltr'>Pro</span> <span class='ocrx_word' id='word_1_302' title='bbox 934 4694 1025 4770; x_wconf 63' lang='grc'><strong>44114</strong></span> <span class='ocrx_word' id='word_1_303' title='bbox 1037 4696 1068 4751; x_wconf 86' lang='grc'>41</span> <span class='ocrx_word' id='word_1_304' title='bbox 1080 4689 1193 4749; x_wconf 79' lang='lat' dir='ltr'>devotis</span> <span class='ocrx_word' id='word_1_305' title='bbox 1206 4689 1317 4749; x_wconf 87' lang='lat' dir='ltr'>civium</span> <span class='ocrx_word' id='word_1_306' title='bbox 1332 4688 1599 4750; x_wconf 83' lang='lat' dir='ltr'>wormaciensium</span> <span class='ocrx_word' id='word_1_307' title='bbox 1614 4688 1756 4763; x_wconf 86' lang='lat' dir='ltr'>servitiis,</span> <span class='ocrx_word' id='word_1_308' title='bbox 1771 4695 1835 4768; x_wconf 88' lang='lat' dir='ltr'>prl-</span> 
     </span>
     <span class='ocr_line' id='line_1_41' title="bbox 581 4772 1835 4869; baseline 0.001 -19"><span class='ocrx_word' id='word_1_309' title='bbox 581 4772 775 4850; x_wconf 62' lang='lat' dir='ltr'>flifblwllm·</span> <span class='ocrx_word' id='word_1_310' title='bbox 843 4790 984 4869; x_wconf 81' lang='lat' dir='ltr'>vilegium</span> <span class='ocrx_word' id='word_1_311' title='bbox 1000 4788 1110 4849; x_wconf 87' lang='lat' dir='ltr'>eisdem</span> <span class='ocrx_word' id='word_1_312' title='bbox 1131 4803 1151 4846; x_wconf 85' lang='grc'>4</span> <span class='ocrx_word' id='word_1_313' title='bbox 1171 4801 1207 4845; x_wconf 87' lang='lat' dir='ltr'>ss</span> <span class='ocrx_word' id='word_1_314' title='bbox 1222 4792 1353 4863; x_wconf 88' lang='lat' dir='ltr'>tempore</span> <span class='ocrx_word' id='word_1_315' title='bbox 1373 4786 1457 4865; x_wconf 78' lang='lat' dir='ltr'>regni</span> <span class='ocrx_word' id='word_1_316' title='bbox 1471 4786 1517 4845; x_wconf 88' lang='lat' dir='ltr'>sui</span> <span class='ocrx_word' id='word_1_317' title='bbox 1529 4784 1677 4846; x_wconf 90' lang='lat' dir='ltr'>indultum</span> <span class='ocrx_word' id='word_1_318' title='bbox 1690 4788 1793 4850; x_wconf 85' lang='lat' dir='ltr'>inserit</span> <span class='ocrx_word' id='word_1_319' title='bbox 1805 4798 1835 4851; x_wconf 87' lang='lat' dir='ltr'>et</span> 
     </span>
     <span class='ocr_line' id='line_1_42' title="bbox 844 4883 1831 4949; baseline 0.003 -3"><span class='ocrx_word' id='word_1_320' title='bbox 844 4884 1013 4947; x_wconf 72' lang='lat' dir='ltr'>moerendo</span> <span class='ocrx_word' id='word_1_321' title='bbox 1028 4883 1193 4945; x_wconf 83' lang='grc'><strong>4041144441.</strong></span> <span class='ocrx_word' id='word_1_322' title='bbox 1774 4896 1831 4949; x_wconf 80' lang='grc'>001</span> 
     </span>
    </p>
   </div>
   <div class='ocr_carea' id='block_1_4' title="bbox 0 0 2434 6359">
    <p class='ocr_par' dir='ltr' id='par_1_29' title="bbox 0 0 2434 6359">
     <span class='ocr_line' id='line_1_43' title="bbox 0 0 2434 6359; baseline 0 2"><span class='ocrx_word' id='word_1_323' title='bbox 0 0 2434 6359; x_wconf 95' lang='lat' dir='ltr'> </span> 
     </span>
    </p>
   </div>
  </div>
 </body>
</html>
