4859 6359
339 763 343 770 ·
378 730 480 792 holm.
494 726 538 810 9.]
824 730 1023 796 HISTORIA
1049 729 1345 794 nlanouarlca.
1728 733 1788 796 sol

378 861 621 937 consuevimus
643 863 842 959 prevenire,
866 866 1037 942 donamus
1059 874 1095 940 et
1116 863 1337 940 concedimus
1354 865 1421 939 sibi
1438 875 1473 940 et
1498 864 1685 940 heredibus
1710 867 1784 939 suis

377 995 544 1082 perpetuo
559 985 596 1058 in
612 986 791 1078 vassallos,
808 986 966 1064 dominos
982 989 1064 1063 ville
1078 988 1224 1080 Ynsule,
1241 989 1389 1064 civitatis
1405 988 1667 1085 Carpentoratis,
1679 989 1782 1062 castri

378 1107 423 1182 de
440 1106 643 1202 luteraqnis,
665 1107 748 1181 villa
762 1109 992 1202 Quadarosse,
1015 1107 1117 1182 castri
1132 1107 1176 1181 de
1187 1109 1422 1202 Nemetamiis,
1442 1110 1544 1182 castri
1562 1110 1659 1184 Patre
1675 1109 1782 1206 lapte

379 1240 413 1305 et
436 1231 538 1305 castri
562 1230 607 1305 de
628 1231 828 1305 intercalliis
851 1231 922 1330 (l),
949 1243 984 1308 et
1010 1233 1107 1305 utin
1132 1231 1183 1304 eis
1203 1233 1341 1326 plenam
1361 1231 1636 1326 jurisdictionem
1658 1231 1784 1306 debeat

380 1375 541 1430 exercere
559 1375 664 1448 qnam
682 1355 748 1452 ipsi
770 1364 806 1428 et
826 1355 1014 1430 heredibus
1037 1355 1110 1428 anis
1134 1354 1179 1429 de
1199 1363 1314 1427 nostra
1337 1353 1504 1428 duximus
1526 1356 1636 1450 gratia
1661 1377 1784 1428 conoe·

380 1475 553 1566 dendam3
574 1475 778 1552 mandantes
796 1489 834 1552 nt
849 1488 919 1552 tam
934 1479 1001 1576 ipsi
1015 1477 1145 1552 domini
1162 1477 1332 1550 dictorum
1347 1478 1499 1551 locorum
1516 1500 1621 1574 qnam
1637 1479 1784 1552 heredes

378 1600 433 1672 sni
457 1599 632 1672 nominato
655 1602 770 1674 comiti
795 1613 831 1676 et
858 1602 1044 1676 heredibus
1065 1601 1137 1674 suis
1159 1610 1324 1694 tanquam
1351 1601 1500 1675 dominis
1518 1624 1638 1676 eorum
1653 1603 1689 1674 in
1707 1623 1783 1677 om·

379 1723 482 1796 nibus
496 1721 540 1796 de
557 1733 669 1796 cetam
683 1727 913 1820 respondeant
929 1735 964 1800 et
976 1724 1172 1815 intendant,
1192 1725 1290 1797 salvo
1306 1723 1459 1798 dominio
1476 1736 1511 1798 et
1526 1727 1606 1818 jure
1620 1737 1735 1800 nostro
1748 1738 1783 1800 et

380 1845 512 1942 imperii
540 1846 734 1941 principali.
771 1849 960 1922 Statuimus
995 1849 1099 1943 igitur
1128 1857 1163 1920 et
1188 1847 1355 1942 presentis
1381 1847 1553 1943 privilegii
1583 1851 1783 1925 auctoritate

379 1967 583 2044 mandamus
607 1979 779 2065 qnatenus
804 1973 899 2046 nulla
926 1993 1073 2068 persona
1096 1970 1165 2044 alta
1191 1972 1248 2044 vel
1274 1969 1432 2062 humilis,
1465 1971 1694 2046 ecclesiastica
1725 1977 1782 2047 vel

378 2091 574 2186 mundana,
610 2093 741 2168 dictum
774 2097 931 2168 comitem
961 2095 1017 2167 vel
1048 2093 1194 2168 heredes
1224 2117 1306 2168 suos
1330 2102 1447 2166 contra
1473 2095 1579 2188 hujus
1610 2095 1781 2190 privilegii

379 2216 484 2288 nostri
507 2225 658 2290 tenorem
678 2239 767 2289 ausu
783 2217 963 2290 temerario
978 2239 1081 2312 super
1100 2216 1263 2312 predictis
1284 2217 1446 2312 impetere
1461 2219 1518 2290 uel
1538 2239 1684 2312 graume
1702 2239 1781 2312 pra·

378 2347 503 2412 sumat.
521 2339 623 2427 Quod
638 2341 699 2435 qni
712 2340 957 2436 presumpserit
977 2349 1113 2413 centum
1127 2339 1291 2412 librarum
1305 2339 1380 2411 auri
1394 2340 1473 2434 puri
1490 2361 1579 2435 pena
1598 2341 1779 2435 plectatur,

378 2461 562 2536 medietate
587 2484 722 2536 camera
749 2472 863 2538 nostre
887 2474 922 2537 et
947 2464 1080 2558 reliqua
1107 2463 1291 2536 medietate
1320 2462 1430 2558 passis
1460 2463 1621 2556 injuriam
1653 2465 1782 2558 persol-

378 2585 506 2660 venda.
526 2585 582 2660 Ad
603 2585 708 2681 hujus
729 2599 844 2661 autem
868 2587 1062 2662 donationis
1085 2597 1120 2661 et
1141 2587 1371 2660 concessionis
1395 2596 1509 2660 nostre
1526 2587 1726 2661 memoriam
1747 2597 1784 2660 et

379 2709 483 2782 robur
508 2721 677 2806 perpetuo
704 2711 912 2805 valiturum,
928 2733 1070 2808 presens
1088 2711 1310 2808 privilegium
1338 2708 1422 2783 inde
1445 2709 1520 2782 lieri
1539 2719 1574 2782 et
1595 2710 1783 2802 majestatis

379 2841 492 2906 nostre
512 2833 624 2926 sigillo
642 2834 810 2927 jussimus
825 2835 1042 2908 communiri.

424 2955 535 3048 liujus
563 2955 612 3029 rei
644 2965 747 3030 testes
772 2967 853 3030 sunt
878 2985 887 3029 ι
913 2957 1130 3032 Treveransis
1151 2955 1447 3052 archiepiscopus,
1474 2955 1657 3052 episcopus
1677 2957 1783 3031 Viva-

378 3078 512 3171 riensis,
532 3077 608 3152 dux
625 3081 795 3174 Bawarie,
813 3081 983 3176 palatinus
1002 3101 1116 3155 comes
1130 3078 1231 3171 Rani,
1250 3077 1328 3151 dux
1345 3077 1580 3175 lothoringie,
1601 3079 1678 3153 dux
1698 3081 1781 3156 Bm-

377 3199 505 3293 bantie,
527 3199 603 3274 dux
622 3202 667 3276 de
685 3203 860 3298 limburg,
879 3204 1030 3277 marchio
1048 3202 1093 3276 de
1108 3201 1243 3289 Baden,
1265 3201 1474 3295 burgravius
1495 3201 1541 3276 de
1554 3203 1778 3297 Nuremberc,

377 3321 419 3395 Α.
439 3322 485 3397 de
498 3325 649 3398 Pictavia
668 3346 783 3398 comcs
800 3325 1014 3417 Valentinus,
1032 3327 1073 3396 D.
1094 3323 1140 3398 dc
1154 3323 1378 3418 Bemhagins,
1395 3323 1434 3395 B.
1454 3321 1500 3395 de
1517 3323 1654 3418 dicare,
1672 3325 1714 3398 V.
1734 3324 1781 3400 de

377 3446 535 3540 Banasta,
551 3447 608 3520 W.
629 3448 675 3521 de
692 3449 797 3522 Navis
815 3447 880 3546 (2),
898 3457 934 3522 et
950 3448 1008 3521 alii
1024 3447 1257 3542 quamplures.

385 3589 389 3596 ·
421 3568 507 3644 Acta
525 3579 605 3643 sunt
618 3571 681 3644 bec
697 3593 788 3646 anno
809 3573 855 3645 ab
871 3571 1104 3644 incarnatione
1118 3569 1256 3643 Domini
1272 3569 1453 3642 millesimo
1469 3567 1706 3644 ducentesimo
1718 3570 1781 3642 tri·

378 3692 502 3768 maimo
530 3694 671 3788 quinto,
689 3717 806 3770 mense
833 3693 1025 3785 decembri,
1054 3715 1146 3767 none
1176 3693 1392 3784 indictionis,
1420 3695 1610 3790 imperante
1637 3693 1780 3770 domino

378 3813 547 3889 Fridarioo
569 3815 741 3910 secundo,
763 3816 827 3889 Dei
848 3817 959 3911 gratia
976 3817 1208 3888 Romanorum
1235 3815 1439 3910 imperatore
1455 3835 1591 3910 semper
1615 3825 1778 3910 aufflsto,

376 3937 560 4012 Jerusalem
583 3947 617 4012 et
632 3939 746 4014 Sicilie
763 3961 861 4035 rege,
881 3939 1016 4035 imperii
1035 3939 1110 4031 ejus
1132 3957 1223 4010 anno
1238 3937 1384 4032 septimo
1400 3936 1550 4028 decimo,
1568 3938 1665 4032 regni
1682 3939 1781 4010 Jeru-

376 4061 481 4136 salem
500 4061 697 4151 nndecimo,
718 4063 815 4157 regni
830 4061 1039 4136 veroSicilie
1057 4061 1227 4133 tricesimo
1242 4060 1401 4156 septimo,
1419 4060 1574 4133 feliciter.
1588 4060 1714 4133 Amen.

421 4187 546 4259 Datum
565 4185 659 4282 apud
680 4189 874 4280 Hagenum,
893 4208 997 4275 anno,
1017 4206 1134 4258 mense
1149 4193 1183 4258 et
1199 4183 1386 4258 indictione
1401 4183 1608 4280 prescriptis.

411 4464 445 4536 ll)
463 4463 570 4524 Scilicet
589 4465 686 4536 L'lsla,
703 4466 882 4540 dorpcntros,
897 4467 1076 4539 Eutroipuac,
1096 4465 1271 4534 Coderousse,
1286 4466 1337 4522 ια
1350 4464 1490 4522 Memmios
1508 4461 1561 4533 (1),
1581 4460 1735 4519 Picrrelottr
1748 4467 1777 4518 et

376 4559 444 4617 ΕΜ(
550 4605 556 4618 .

411 4559 613 4730 (ἱῖοοῆιαιὲῗωοι
622 4657 666 4716 his
681 4663 796 4732 quatuor
806 4659 907 4718 ultimis
923 4661 1074 4719 nominibus
1088 4659 1262 4730 conveniant,
1273 4675 1328 4717 non
1345 4658 1415 4716 bans
1425 4657 1534 4716 scimus.
1547 4657 1670 4714 Bnamto
1686 4661 1778 4714 brnen

376 4751 483 4810 ionitan
495 4753 565 4810 idem
578 4759 620 4812 cst
631 4771 664 4813 ac
675 4757 811 4815 Bonam
823 4758 950 4831 (benere).
966 4756 1071 4815 Adsunt
1081 4771 1188 4832 quoque
1200 4756 1230 4814 in
1242 4754 1379 4814 Oodtama
1390 4754 1466 4813 uaria
1478 4752 1538 4812 loca
1549 4765 1621 4826 quaa
1631 4750 1722 4810 Novar
1732 4749 1778 4807 vel

377 4849 464 4908 Nouia
476 4857 614 4910 vocantur.

451 4949 507 5013 lv.
527 4965 584 5012 Pan
593 4969 616 5012 1.
1564 4957 1616 5010 101
