4859 6359
588 715 649 777 rso
1086 713 1300 775 rnrnnurcr
1326 713 1501 775 sncnunt
1813 719 1893 796 [ese.
1912 719 1999 782 ruas.

589 850 787 924 versitatem
805 857 957 920 vestram
975 867 1138 939 rogamus
1152 855 1187 919 et
1210 848 1433 922 obsecramus
1457 848 1494 919 in
1520 848 1666 922 Domino
1683 850 1764 922 lesu
1783 849 1933 942 Christo,
1964 852 2000 922 in

590 974 826 1048 remissionem
844 971 945 1044 vobis
959 971 1197 1066 peccaminum
1219 970 1439 1064 injungentes
1464 971 1631 1065 quatinus
1655 980 1799 1068 pensato
1815 973 2001 1068 prudenter

590 1098 686 1195 quod
701 1100 826 1172 Sancte
851 1099 954 1170 Terre
974 1096 1152 1191 negotium
1179 1117 1249 1169 nou
1275 1096 1386 1192 possit
1402 1096 1597 1192 pmmoveri
1624 1097 1761 1170 facilius
1775 1119 1881 1192 quum
1906 1097 2000 1192 quod

591 1223 797 1294 christianus
823 1221 973 1316 populus
995 1219 1039 1292 sit
1066 1220 1101 1290 in
1130 1240 1253 1292 sereno
1269 1221 1364 1314 pacis
1388 1229 1423 1293 et
1446 1220 1629 1294 concordie
1654 1221 1877 1314 constitutus,
1908 1223 2002 1295 omni

591 1368 733 1420 rancore
747 1346 903 1441 deposito
923 1367 1029 1438 quem
1046 1366 1092 1416 ex
1109 1365 1331 1438 quecumque
1349 1365 1453 1418 causa
1471 1355 1589 1418 contra
1610 1343 1822 1419 Lomberdos
1836 1345 2002 1420 hactenus

591 1471 811 1567 concepistis,
833 1470 1046 1542 carissimum
1062 1468 1099 1538 in
1112 1465 1361 1540 Christolilium
1377 1477 1531 1540 nostrum
1546 1468 1759 1542 Fridericum
1773 1471 2002 1544 Romanorum

592 1599 851 1691 imperatorem,
872 1603 954 1684 etc,
976 1593 1023 1665 ed
1036 1591 1102 1665 boc
1116 1593 1205 1664 sicut
1215 1591 1378 1664 attentius
1392 1593 1543 1688 poteritis
1560 1594 1684 1666 vestris
1705 1593 2002 1667 exhortationibus

592 1719 766 1792 inducetis
777 1719 870 1812 quod
885 1717 972 1814 ipse,
993 1737 1213 1811 quecumque
1225 1715 1419 1789 turbatione
1434 1717 1597 1812 propulsa
1613 1739 1719 1814 quam
1731 1717 2003 1792 lombardorum

593 1843 803 1938 presumptio
821 1842 872 1936 (l)
895 1840 1009 1914 eidem
1022 1839 1214 1913 dinoscitur
1226 1839 1425 1930 induxisse,
1446 1841 1622 1934 negotium
1645 1842 1817 1915 societatis
1839 1842 2003 1915 lombar-

594 1964 669 2056 die,
685 1963 836 2036 blercbie
849 1963 1025 2035 Terrisine
1037 1962 1288 2035 acllomaniole
1301 1963 1337 2033 iu
1355 1963 1516 2035 menibus
1532 1964 1685 2036 Ecclesie
1698 1969 1803 2058 juxte
1817 1963 2004 2060 imperialis

595 2090 703 2162 forme
722 2098 890 2178 tenorem,
920 2109 1026 2181 quam
1048 2087 1094 2160 ab
1119 2086 1196 2182 ipso
1220 2087 1425 2182 imperatore
1445 2088 1639 2183 recepimus
1664 2098 1700 2160 et
1717 2086 1809 2161 dicte
1832 2089 2003 2162 societatis

594 2207 784 2285 rectoribus
798 2209 864 2282 sub
878 2209 974 2282 bulla
989 2217 1105 2282 nostra
1121 2209 1279 2281 misimus
1300 2209 1518 2282 interclusam
1534 2209 1606 2305 (2),
1633 2210 1766 2306 precise
1782 2231 1910 2308 ponere
1934 2233 2003 2283 non

595 2336 738 2410 omittat.
758 2335 883 2428 Sicque
895 2333 955 2406 fiat
971 2334 1082 2428 quod,
1105 2333 1207 2405 vobis
1222 2356 1363 2408 causam
1382 2333 1544 2408 dentibus
1564 2358 1624 2430 per
1645 2357 1752 2430 quam
1770 2337 1915 2432 strepitu
1930 2327 2005 2424 cese

595 2470 693 2533 sante
711 2459 884 2533 discordie
899 2459 1008 2554 possit
1025 2458 1071 2530 dc
1088 2457 1294 2532 bombardie
1311 2461 1489 2554 provincie
1502 2459 1606 2533 rebus
1614 2469 1649 2532 et
1659 2459 1858 2533 homiuibus
1868 2447 2011 2557 copiosa

594 2587 696 2658 Terre
722 2587 845 2657 Sancte
875 2582 1095 2656 commodum
1121 2583 1321 2678 provenire,
1351 2593 1466 2672 vestra
1491 2585 1669 2658 sinceritas
1693 2584 1850 2682 proficiet
1874 2581 1921 2658 ad
1949 2579 2012 2658 re·'

595 2708 790 2780 tributionis
820 2717 936 2780 eterne
960 2706 1130 2802 premium
1153 2707 1251 2800 quod
1272 2729 1392 2802 pacem
1423 2707 1649 2802 diligentibus
1680 2709 1817 2804 paravit
1849 2708 2005 2782 conditor

593 2835 822 2928 singulorum.

644 2961 767 3031 Datum
786 2955 934 3042 Perusii,
956 2957 985 3028 V
1003 2954 1170 3027 kalendas
1188 2955 1345 3050 augusti,
1366 2977 1458 3028 anno
1470 2977 1574 3028 nono.

650 3554 854 3664 Gregorius
890 3577 989 3660 pepe
1025 3551 1210 3661 magistro
1251 3561 1288 3634 et
1318 3551 1500 3636 iratribus
1537 3551 1735 3661 hospitalis
1771 3549 2004 3633 Hierusalem

597 3690 756 3770 mandet
786 3698 829 3768 ut
854 3684 985 3794 bajulo
1016 3693 1054 3767 et
1079 3684 1205 3793 legato
1232 3684 1435 3792 Friderici,
1463 3685 1724 3768 Romanorum
1746 3683 2003 3793 imperatoris,

596 3819 830 3929 inpartibus
854 3818 984 3930 Syriae
1007 3816 1209 3899 consilium
1240 3827 1278 3899 et
1304 3817 1488 3900 auxilium
1514 3817 1744 3926 praebeant,
1777 3827 1815 3899 et
1844 3815 2005 3899 lohanni

597 3956 646 4036 de
662 3952 806 4035 lbelino
824 3978 869 4032 ec
887 3949 1167 4033 bononensibus
1186 3949 1331 4060 Tyrum
1354 3949 1528 4032 obsidere
1545 3949 1876 4060 praesumentibus
1893 3973 1933 4029 se
1950 3947 2006 4028 vi-

597 4087 716 4169 riliter
733 4093 939 4194 opponent.

680 4301 782 4382 (nelo.
798 4301 908 4373 Psum,
927 4295 998 4360 Cod.
1013 4295 1161 4378 dtpbmot.
1176 4293 1225 4357 dcl
1235 4313 1316 4358 sacro
1331 4293 1396 4357 ord.
1410 4293 1556 4371 dlMolta,
1572 4301 1594 4356 t.
1609 4295 1643 4375 Ι,
1657 4311 1689 4372 p.
1706 4304 1776 4370 271,
1791 4311 1829 4355 ex
1843 4293 1954 4356 Bullsr.
1969 4293 2004 4367 E,

716 4409 768 4471 iol.
784 4416 860 4482 ²³53
874 4422 955 4468 nunc
968 4407 1128 4466 correctius
1141 4421 1179 4465 ex
1192 4403 1364 4484 pellectione
1374 4404 1501 4482 luporte
1513 4402 1556 4464 du
1569 4399 1679 4482 Tbell.)

637 4649 673 4718 (t)
692 4647 799 4705 Scilicet
813 4651 957 4719 postquam
973 4644 1080 4702 ilenrici
1098 4643 1170 4716 regis
1189 4647 1283 4700 contra
1301 4647 1406 4718 petrem
1424 4639 1563 4700 rebellioni
1582 4646 1637 4698 tem
1656 4645 1797 4714 promptus
1813 4655 1909 4697 manus
1930 4639 1994 4696 born

598 4745 677 4804 bardi
690 4745 878 4801 admovissent.

636 4842 674 4915 (Ξ)
691 4841 730 4899 Cl.
746 4856 836 4914 supro,
846 4857 874 4914 p.
889 4840 952 4911 llio,
965 4841 1028 4912 l9l,
1044 4839 1095 4897 l92
1120 4839 1181 4895 69³.
