4859 6359
435 820 536 884 laurcr.
552 821 599 899 9.]
885 823 1082 887 HISTORIA
1105 825 1397 890 lllPLOllA'l'lCll.
1784 833 1846 894 813

433 957 600 1050 dicendo,
622 966 662 1032 ut
682 969 717 1034 et
734 959 853 1034 auditu
872 983 941 1034 non
959 961 1099 1037 credere
1116 985 1157 1038 ao
1173 963 1277 1039 iidem
1295 988 1498 1061 cogeremur
1520 988 1543 1039 a
1566 966 1705 1040 creditis
1728 989 1844 1042 remo-

431 1079 532 1156 verel
553 1081 622 1156 Sed
635 1084 665 1155 si
681 1083 798 1157 verius
809 1084 995 1179 loquimur,
1011 1087 1083 1179 J'am
1099 1109 1162 1182 pro
1182 1090 1304 1182 majori
1317 1100 1413 1186 parte
1430 1090 1496 1163 ista
1511 1112 1579 1163 non
1596 1091 1783 1184 credimus,
1798 1091 1844 1166 de

432 1207 562 1302 quibus
587 1209 751 1303 opinione
778 1219 932 1284 demuma
957 1220 1085 1284 certam
1112 1212 1291 1288 scientiam
1311 1213 1520 1287 obtinemus.
1547 1214 1704 1288 Ceterum
1731 1237 1779 1288 ex
1800 1237 1843 1289 eo

432 1331 499 1403 sibi
516 1341 574 1404 tua
591 1333 756 1406 serenitas
771 1333 906 1405 titulum
926 1333 1040 1408 laudis
1055 1336 1203 1430 acquirit
1215 1337 1323 1431 quod,
1341 1336 1430 1410 sicut
1445 1337 1582 1426 asseris,
1598 1337 1843 1410 mentientibus

433 1465 474 1526 ut
488 1455 676 1549 quicquam
693 1465 810 1530 contra
828 1467 863 1530 te
886 1457 921 1528 in
939 1459 1161 1533 renovatione
1181 1460 1352 1534 societatis
1370 1461 1574 1534 lombardie
1590 1459 1644 1556 (l)
1662 1460 1699 1532 in
1718 1462 1842 1534 Tuscia

432 1580 491 1652 vel
515 1579 650 1654 Verona
667 1580 771 1653 luerit
784 1602 846 1677 per
863 1581 1051 1654 Ecclesiam
1067 1591 1306 1678 procuratum,
1323 1582 1465 1657 credere
1482 1582 1694 1678 dedigneris.
1709 1584 1841 1657 Namsi

431 1703 617 1778 Lombardi
631 1705 688 1778 vel
709 1705 768 1778 alii
787 1713 845 1779 tue
862 1714 957 1779 metu
975 1707 1126 1803 potentie
1145 1707 1212 1780 sibi
1237 1707 1405 1780 alutaris
1428 1707 1569 1782 student
1593 1707 1732 1780 casibus
1756 1729 1842 1802 pre-

434 1850 558 1902 cavere
586 1837 621 1903 et
643 1830 746 1922 juxta
775 1831 979 1926 sapientiam
1008 1831 1113 1923 hujus
1139 1831 1262 1905 mundi
1289 1831 1421 1925 aliquid
1446 1831 1491 1906 de
1509 1831 1665 1905 Ecclesia
1688 1853 1751 1926 pro
1778 1853 1842 1904 sua

430 1962 530 2048 parte
552 1951 796 2046 disseminant,
819 1975 883 2050 per
901 1954 997 2050 quod
1015 1955 1081 2027 sibi
1105 1956 1256 2030 savorem
1274 1955 1453 2048 acquirere
1470 1955 1673 2044 moliantur3
1691 1955 1721 2028 si
1736 1955 1841 2029 Vero·

429 2077 597 2150 neosibus
623 2077 670 2152 ad
697 2079 827 2152 bonum
854 2079 950 2175 pacis
975 2099 1036 2174 per
1063 2078 1278 2152 venerabiles
1306 2080 1426 2152 fratres
1452 2087 1586 2152 nusum
1612 2079 1784 2172 Reginum
1809 2089 1844 2152 et

428 2201 655 2276 Trevisanum
673 2201 853 2298 episcopos
869 2203 1071 2276 auctoritate
1086 2212 1200 2276 nostra
1218 2202 1392 2294 reductis,
1411 2211 1447 2276 et
1462 2202 1570 2276 nobili
1589 2203 1666 2276 viro
1690 2203 1844 2276 lobanne

428 2325 662 2400 Fortibrucbio
696 2326 785 2398 siout
819 2325 1050 2401 mandaveras
1081 2328 1236 2423 ipsorum
1267 2328 1420 2422 regimen
1453 2327 1606 2423 recipere
1639 2336 1839 2419 recusante,

431 2451 584 2526 nobilem
606 2450 721 2524 virum
749 2451 908 2524 comitem
933 2453 1127 2548 Raynerum
1150 2450 1195 2525 dc
1218 2452 1355 2525 Mar-ran
1372 2450 1424 2547 (2)
1442 2450 1580 2525 fidelem
1596 2461 1770 2543 nostrum,
1794 2450 1841 2523 ad

428 2575 630 2648 nuntiorum
662 2574 980 2670 utriusquepartis
1014 2573 1233 2667 instantiam,
1265 2575 1418 2669 injuncto
1442 2575 1475 2648 ei
1500 2574 1596 2669 quod
1628 2576 1687 2647 viu
1713 2595 1841 2671 proce-

427 2698 516 2772 dens
538 2699 635 2792 regia
655 2696 707 2795 (a)
725 2719 944 2794 nequaquam
963 2696 1010 2771 ad
1025 2697 1198 2772 sinistram
1219 2697 1276 2772 vel
1298 2697 1458 2773 dextram
1484 2696 1688 2790 declinaret,
1718 2697 1753 2767 in
1774 2717 1836 2792 po

428 2831 584 2896 testatem
606 2821 774 2896 duximus
796 2820 1075 2918 providendum,
1101 2843 1170 2894 non
1198 2830 1252 2896 ost
1278 2819 1374 2915 quod
1397 2819 1498 2894 nobis
1522 2820 1637 2894 valeat
1658 2820 1834 2916 imputari.

426 2947 672 3022 Verumtamen
694 2947 863 3021 sustinere
880 2969 949 3021 non
973 2969 1157 3044 possumus
1179 2947 1266 3043 quin
1286 2954 1405 3020 contra
1428 2967 1488 3020 eos
1513 2947 1574 3042 qui
1599 2946 1839 3028 excommuni-

427 3072 600 3145 cationum
630 3071 825 3161 sententiis,
847 3072 1054 3165 juramentis
1079 3079 1114 3144 et
1135 3071 1236 3166 penis
1262 3070 1471 3166 interpositis
1497 3069 1695 3168 vilipensis,
1724 3079 1838 3166 potes-

426 3204 530 3270 tatem
547 3196 608 3291 qui
625 3218 712 3292 pure
732 3217 770 3270 se
786 3195 909 3269 habuit
925 3194 1022 3270 etde
1043 3195 1237 3270 sinceritate
1254 3193 1336 3269 fidei
1354 3196 1399 3269 ab
1416 3203 1562 3290 utraque
1584 3204 1681 3291 parto
1697 3195 1837 3291 publice

428 3319 702 3410 commendatur,
726 3339 866 3415 capere,
885 3330 920 3393 et
946 3341 1066 3416 pacem
1093 3341 1162 3392 non
1191 3328 1273 3392 sont
1296 3319 1397 3393 veriti
1424 3319 1573 3408 violare,
1593 3320 1684 3392 sicut
1704 3320 1837 3413 justitia

426 3445 564 3540 exegit,
593 3442 834 3541 procedamus.
856 3443 1012 3518 Ceterum
1039 3443 1069 3518 si
1094 3443 1279 3517 mentiatur
1299 3443 1464 3539 iniquitas
1484 3441 1581 3538 quod
1597 3443 1634 3514 in
1654 3442 1839 3516 ultramon-

427 3568 516 3641 tanis
540 3577 575 3642 et
599 3568 695 3642 ltalie
714 3568 874 3680 partibus
901 3567 1052 3642 Ecclesia
1081 3566 1235 3642 studium
1268 3574 1346 3640 tuos
1377 3575 1536 3663 procuret
1563 3564 1732 3662 impedire
1755 3589 1836 3664 pro-

428 3713 563 3785 cessus,
584 3691 773 3790 imperialis
798 3693 953 3765 utilitatis
972 3714 1028 3765 res
1046 3692 1178 3790 expetit
1200 3701 1239 3764 ut
1255 3713 1335 3765 cum
1353 3712 1459 3788 opera
1478 3690 1685 3764 contrarium
1707 3699 1836 3787 protes·

425 3826 557 3911 tentor,
580 3837 641 3891 ora
666 3817 905 3892 mentientium
930 3815 1109 3902 obstruas,
1137 3827 1171 3890 et
1198 3815 1358 3890 auditum
1381 3836 1501 3888 eorum
1525 3814 1587 3910 qui
1613 3815 1835 3888 schismatum

425 3939 554 4013 zizania
577 3941 747 4016 seminant
771 3951 810 4014 ut
837 3940 966 4015 exinde
990 3941 1179 4036 iniquitatis
1203 3941 1300 4014 lucra
1318 3939 1534 4034 conquirant,
1557 3939 1836 4012 oblocutionibus

425 4063 620 4137 interdicas.
644 4063 701 4137 Ad
718 4065 784 4138 hec
804 4065 888 4160 quia
908 4064 1155 4160 multiplicatus
1181 4064 1217 4135 in
1239 4085 1340 4136 aures
1362 4061 1557 4158 Apostolice
1579 4062 1679 4136 Sedis
1707 4063 1835 4134 elamor

426 4185 471 4260 de
485 4209 593 4284 regno
606 4189 761 4286 predicto
779 4190 925 4264 veniens
942 4199 976 4262 et
993 4209 1106 4286 usque
1125 4189 1160 4260 in
1177 4187 1302 4280 celum,
1320 4187 1409 4259 sicut
1425 4187 1611 4279 credimus,
1625 4187 1698 4280 Jam
1716 4207 1835 4259 ascen·

464 4363 509 4446 (a)
529 4365 578 4428 Sic
589 4369 622 4428 ln
635 4367 763 4431 duobus.
777 4367 982 4430 Verlslmlllter
993 4384 1047 4446 per
1059 4368 1244 4428 oscitantium
1257 4381 1311 4444 pro
1322 4371 1412 4425 rectu.

461 4657 499 4732 (t)
517 4658 585 4716 Vide
598 4674 681 4733 supra
693 4674 722 4732 p.
730 4661 794 4731 796,
804 4657 836 4732 §3
848 4660 860 4716 l
874 4664 902 4716 ot
912 4659 946 4716 ll.

461 4755 497 4828 (2)
516 4755 604 4828 Verci,
615 4755 687 4814 Stor.
700 4755 772 4830 cepti
784 4756 902 4829 Ecelioi,
913 4763 934 4814 t.
950 4756 985 4826 ll,
997 4772 1026 4832 p.
1039 4759 1101 4827 ⁴00,
1113 4754 1185 4812 hunc
1193 4752 1417 4825 voeatltopnetus
1427 4747 1599 4822 Bulporcllus
1608 4747 1639 4805 de
1651 4750 1771 4806 Perusia.
1783 4748 1836 4818 Qui

423 4859 524 4924 autem,
540 4851 602 4909 licet
614 4859 701 4911 rector
715 4853 853 4928 pacificus,
868 4853 939 4910 baud
952 4852 1036 4910 multo
1049 4857 1111 4926 post
1123 4850 1159 4909 ab
1170 4849 1277 4909 Ecelino
1286 4847 1415 4922 expulsus
1428 4851 1478 4904 est.
1487 4845 1527 4903 ct.
1538 4845 1636 4917 Vsum,
1648 4843 1759 4913 ibidem,
1771 4851 1791 4901 t.
1802 4846 1836 4914 ll,

424 4964 452 5020 p.
470 4951 520 5006 tot
535 4955 562 5006 et
575 4965 651 5023 seqq.
