4859 6359
640 732 701 816 830
1139 727 1359 791 intuente}
1382 726 1560 792 secute!
1859 725 1942 810 [llus.
1958 724 2046 788 rme

643 863 821 940 indefinite
843 863 964 958 nobis,
985 864 1180 960 particulari
1197 867 1254 938 vel
1271 865 1441 961 singulari
1462 862 1694 960 propositione
1716 868 1886 949 oessnute,
1907 858 2050 954 pontifi·

646 990 729 1064 colis
754 987 938 1084 descriptio
961 987 1130 1084 petelscit.
1151 989 1336 1061 Posssmns
1358 989 1481 1082 noque
1509 986 1638 1060 certius
1656 1005 1784 1079 negare
1805 1004 1876 1057 non
1901 984 1994 1056 laem
2016 992 2053 1055 et

646 1111 818 1186 efficacius
844 1112 933 1184 lecta
958 1111 1148 1206 corrigere,
1178 1112 1206 1184 si
1234 1111 1378 1184 inissent
1402 1109 1596 1184 distinctius
1615 1109 1755 1203 magonia
1776 1107 1951 1180 deuolute
1980 1105 2054 1180 Sed

646 1245 685 1308 ut
708 1233 875 1331 generalis
904 1234 1063 1306 instantio
1091 1235 1253 1330 generale
1275 1233 1434 1308 falsificet
1463 1241 1725 1327 argumentum,
1750 1229 1817 1304 lroc
1849 1230 2055 1326 genmditer

645 1357 893 1455 respondemus
925 1356 1021 1453 qnod
1055 1356 1121 1432 hcc
1146 1357 1263 1430 omnio
1287 1379 1310 1432 u
1338 1368 1457 1432 nostra
1492 1357 1638 1430 scientia
1667 1363 1703 1428 et
1732 1353 1943 1428 conscientia
1971 1361 2055 1426 sont

648 1491 799 1574 remote,
826 1481 892 1553 nisi
917 1481 1013 1576 qnod
1029 1481 1169 1554 omnino
1191 1503 1261 1554 non
1280 1479 1453 1556 eredimus
1470 1490 1509 1553 nt
1523 1479 1605 1554 odio
1628 1480 1686 1552 rel
1707 1478 1835 1570 injurie
1852 1475 2055 1552 ndscdbulit

648 1605 744 1703 quod
764 1605 852 1700 jur'n
876 1604 1039 1678 executio
1064 1615 1126 1678 eut
1149 1606 1286 1679 motolo
1313 1603 1481 1701 deposcit.
1506 1605 1544 1677 Si
1561 1601 1688 1677 etenim
1716 1611 1858 1697 propter
1878 1621 1922 1674 eo
1943 1623 2054 1696 quea

648 1731 748 1805 nobis
772 1729 915 1804 ecclesie
937 1731 995 1804 vel
1019 1751 1164 1825 persone
1190 1729 1420 1804 ecclesiastice
1439 1729 1583 1803 tormen
1605 1725 1652 1802 de
1670 1726 1785 1801 endis
1806 1727 1862 1800 rel
1884 1728 2056 1822 patrino-

647 1855 714 1928 niis
731 1863 859 1947 tenent,
878 1853 914 1926 in
928 1853 1059 1948 quibus
1072 1854 1236 1927 laieorum
1250 1853 1487 1948 quorumlibet
1497 1855 1578 1947 jura
1592 1861 1811 1944 censeantur,
1827 1850 1946 1925 debite
1959 1851 2058 1924 curio

648 1988 764 2053 nostre
783 1977 1020 2074 deposcimus,
1041 1978 1071 2050 si
1095 1977 1256 2051 mnia
1272 1987 1390 2050 nostra
1404 1985 1476 2052 tum
1499 1977 1538 2048 in
1557 1975 1757 2050 hominibus
1777 1997 1885 2069 quam
1903 1975 1941 2048 in
1956 1975 2059 2047 terris
2198 2025 2204 2033 »
2329 1992 2330 2051 t

649 2103 695 2176 sd
725 2109 841 2175 nostro
864 2100 993 2175 fiscella
1017 2122 1242 2194 revocamus,
1267 2101 1299 2174 si
1323 2123 1402 2174 cnm
1425 2101 1511 2174 locis
1535 2101 1789 2174 reumabrlibne
1816 2100 1970 2196 ipsorum
1996 2102 2058 2172 in-

652 2223 841 2300 demnitate
866 2235 1002 2298 servate
1023 2233 1257 2321 permutamus
1278 2223 1472 2316 intuulom,
1497 2225 1528 2297 si
1543 2227 1603 2319 jus
1620 2224 1826 2298 electionum
1844 2247 1893 2298 ex
1914 2227 2058 2320 suoque

652 2350 748 2446 regni
766 2349 933 2444 dignitate
953 2348 1080 2422 nostris
1104 2349 1380 2444 progenitoribus
1399 2349 1555 2423 debiturn
1578 2369 1814 2439 reservemus,
1834 2349 1923 2421 nulli
1945 2349 2061 2423 facere

649 2483 811 2570 putemus
830 2471 991 2564 injuriam
1010 2471 1095 2546 dnm
1112 2471 1243 2544 utimur
1254 2471 1335 2565 jure
1355 2481 1485 2545 nostro.
1504 2472 1574 2545 Voe
1594 2472 1698 2545 etiem
1715 2471 1777 2566 qui
1792 2473 1944 2566 quietem
1969 2493 2061 2546 noe-

653 2607 740 2670 tram
764 2596 942 2692 presertim
967 2595 1004 2666 in
1027 2615 1133 2690 reguo
1156 2595 1272 2669 Sicilie
1289 2596 1497 2692 peroptatis,
1513 2595 1670 2670 iulidelee
1687 2597 1837 2692 prelatos
1851 2607 1915 2669 aut
1928 2595 2063 2671 infide-

654 2719 739 2792 lion
767 2741 893 2814 genere
915 2717 1091 2814 proditos,
1120 2717 1312 2813 dequibus
1334 2739 1396 2815 pro
1412 2728 1569 2815 tempore
1581 2740 1708 2812 magna
1729 2717 1912 2815 dispendia
1937 2743 2062 2794 snmus

656 2843 807 2940 experti,
828 2841 982 2916 ecclesiis
1002 2842 1101 2936 regui
1116 2839 1280 2936 prolicere
1295 2863 1365 2915 non
1382 2841 1526 2914 velletis
1545 2841 1725 2915 Sululu'ins
1740 2845 1844 2916 etiem
1860 2845 2064 2918 estimemus

656 2967 752 3063 quod
767 2966 813 3040 ad
831 2977 966 3062 tempus
984 2975 1082 3040 vacet
1097 2966 1242 3040 ecclesio
1255 2987 1360 3060 qoam
1373 2967 1474 3040 nohis
1487 2967 1581 3040 sitin
1598 2977 1804 3062 perpetuum
1818 2969 1954 3040 nocive.
1971 2969 2062 3044 lttuo

657 3102 771 3166 tomen
786 3089 931 3163 inficiari
952 3111 1021 3163 non
1040 3089 1204 3162 columns
1222 3089 1319 3184 quod
1332 3088 1506 3164 interdum
1521 3090 1685 3164 officiales
1697 3092 1804 3164 nostri
1821 3092 1940 3164 subtili
1956 3115 2065 3168 reve·

657 3217 767 3289 rentie
785 3217 868 3287 tenti
887 3223 924 3286 et
939 3211 1164 3310 superficialis
1180 3215 1254 3287 zelo
1272 3212 1354 3287 fidei
1379 3215 1469 3286 ultra
1485 3235 1592 3310 quarn
1608 3214 1709 3287 nobis
1726 3215 1910 3310 expediret
1925 3218 2062 3290 oooeusi

659 3339 695 3411 in
710 3339 930 3412 ecclesiarum
942 3347 977 3412 et
994 3357 1214 3432 personarum
1229 3337 1535 3410 ecclesiasticarum
1549 3335 1708 3430 injuriam
1722 3339 1962 3434 prolabuntur,
1981 3363 2064 3414 cor-

658 3461 843 3536 rectionem
858 3481 1005 3556 quornm
1020 3460 1157 3534 dilectis
1170 3461 1399 3534 lumriiaribue
1419 3461 1545 3534 nostris
1559 3459 1645 3535 dnm
1665 3463 1703 3533 in
1723 3463 1939 3536 Germaniam
1957 3469 2066 3537 reni-

659 3605 778 3658 remus
787 3585 954 3658 duximus
967 3583 1260 3672 committendam,
1275 3605 1318 3657 ec
1328 3584 1455 3658 deinde
1467 3605 1648 3680 peccemus
1660 3593 1794 3659 nostes
1802 3584 1933 3661 ibidem
1944 3587 2064 3661 (lirino

660 3709 812 3805 pmeutin
830 3709 971 3782 feliciter
986 3707 1174 3800 dirigente,
1194 3707 1326 3782 eisdem
1347 3708 1531 3803 sepissim
1545 3729 1606 3804 pe
1623 3709 1755 3784 littores
1768 3721 1903 3784 noetras
1912 3711 2067 3786 mendu-

660 3833 777 3904 vimos
789 3831 875 3904 illud
885 3830 996 3923 idem3
1013 3831 1244 3926 gratissimum
1257 3831 1563 3926 etiemreputantee
1574 3833 1670 3928 qnod
1681 3833 1915 3929 perdilectnm
1928 3833 2066 3908 fidelem

527 4067 530 4074 Ι
662 3964 815 4027 nostrum
846 3953 1078 4026 venerabilem
1107 3955 1309 4049 magistrum
1338 3953 1467 4027 domus
1494 3954 1781 4028 Theutouicornm
1814 3956 1912 4051 apud
1940 3957 2065 4031 Setlem

663 4077 893 4173 Apostolioam
917 4077 1123 4150 existentem
1146 4076 1199 4173 (l)
1222 4075 1355 4150 exstitit
1373 4097 1479 4173 snper
1494 4076 1550 4149 his
1572 4076 1704 4150 eisdem
1728 4078 1943 4172 injunctum,
1971 4077 2066 4152 ide·

701 4359 737 4434 (l)
755 4357 793 4416 De
802 4374 877 4416 rnorn
888 4357 1008 4432 magistri
1021 4357 1167 4415 llerrnenri
1181 4358 1207 4414 in
1219 4357 1294 4414 naria
1304 4355 1423 4415 Romana
1437 4357 1507 4414 unde
1518 4357 1610 4417 subito
1620 4357 1671 4416 lnit
1681 4375 1816 4430 reversus,
1829 4359 1868 4418 cl.
1878 4377 1961 4436 supra
1971 4378 1998 4436 p.
2014 4365 2069 4421 eto

663 4464 693 4516 et
701 4457 802 4516 Annei.
820 4459 920 4516 Worm.
931 4472 976 4532 ap.
988 4456 1115 4527 lituum
1129 4455 1237 4525 roes,
1250 4461 1271 4512 t
1287 4455 1321 4526 ll,
1337 4472 1367 4530 p.
1381 4457 1446 4526 tot,
1458 4455 1508 4513 nbi
1521 4455 1607 4528 ep‘tm
1615 4455 1650 4514 de
1662 4457 1767 4530 negotm
1780 4458 1862 4516 trium
1870 4459 2067 4533 episeopo-tun,

663 4555 765 4614 scilieet
778 4554 995 4626 Wormetiensis,
1011 4553 1145 4628 Spirensis
1158 4559 1185 4610 et
1198 4552 1412 4626 llerbipolenrie,
1422 4567 1493 4626 quoe
1505 4553 1675 4612 tiermennns
1685 4554 1839 4630 imperatori
1851 4555 2032 4614 reconciliarit
2040 4563 2071 4615 st

665 4653 693 4710 in
708 4652 891 4710 Alemanniam
906 4651 1026 4724 reduxit,
1040 4671 1054 4704 r
1068 4651 1227 4726 promittens
1241 4649 1350 4708 domino
1362 4665 1449 4724 popae
1461 4651 1533 4726 ipsos
1546 4651 1647 4726 gratiae
1662 4651 1762 4709 domini
1779 4652 1947 4729 imperatorie
1957 4655 2070 4714 honeste

666 4757 693 4807 et
711 4751 858 4807 seeundum
875 4749 1037 4807 voluntatem
1059 4764 1151 4807 eorum
1173 4749 1322 4806 restituere.
1342 4769 1357 4800 r·
1369 4749 1435 4806 ilem
1459 4753 1549 4806 temen
1564 4748 1598 4805 ad
1616 4747 1727 4806 altorem
1745 4750 1891 4808 tiermenni
1909 4751 2071 4825 legationem

666 4847 746 4922 peulo
756 4855 817 4924 post
827 4849 1006 4922 reponendam
1017 4863 1080 4907 esse
1088 4861 1239 4906 censemus.
