4859 6359
629 739 690 806 '188
1131 734 1346 800 releuaret
1368 736 1540 800 suctum
1852 742 1934 824 [dn.
1952 745 2039 810 1235.

632 875 765 950 Chuuiz
780 871 831 971 (o)
844 895 924 949 curn
947 873 1099 948 ecclesiis
1112 872 1149 946 in
1165 873 1276 946 Berue
1287 879 1322 946 at
1336 870 1373 944 in
1385 870 1616 946 Yverinsdorf
1628 871 1695 971 (t),
1711 877 1795 972 quia
1811 899 1907 954 nuuc
1917 879 2041 956 eadem

632 998 777 1073 eeclesia
806 998 844 1070 in
872 996 1004 1070 Chuniz
1033 1017 1113 1070 oum
1141 994 1294 1070 eeclesiis
1317 994 1524 1093 supradictis
1555 993 1603 1070 ad
1627 1018 1754 1070 manus
1779 1008 1914 1074 nostras
1938 1002 2041 1097 pleno

625 1125 707 1218 jure
731 1121 876 1196 dominii
901 1121 1071 1216 pervenit,
1091 1118 1256 1193 ecclesias
1279 1117 1372 1214 ipsas
1392 1116 1508 1192 eidem
1526 1120 1690 1214 magistro
1707 1129 1744 1195 et
1764 1120 1885 1196 domui
1909 1145 1974 1198 sue
1994 1126 2040 1202 de

628 1266 723 1319 novo
753 1240 943 1318 concedere
968 1251 1004 1317 et
1029 1241 1231 1318 confirmare
1255 1240 1301 1314 de
1330 1249 1446 1314 nostra
1471 1242 1583 1336 gratia
1605 1252 1773 1340 perpetuo
1800 1244 2035 1340 dignaremur.

626 1368 697 1442 Nos
717 1367 822 1463 igitur
842 1364 1056 1442 attendentes
1073 1363 1178 1440 fidem
1203 1363 1413 1438 laudabilem
1433 1374 1468 1438 et
1490 1363 1711 1440 devotionem
1736 1367 1907 1442 sinceram
1927 1369 2037 1467 ipsius

625 1491 781 1586 magistri
800 1499 835 1564 et
853 1491 997 1564 fratrum
1024 1510 1167 1563 suorum
1195 1507 1332 1562 necnon
1356 1496 1393 1562 et
1417 1497 1516 1583 grata
1541 1489 1681 1562 servitia
1706 1511 1776 1585 que
1802 1501 1918 1564 nostre
1940 1495 2037 1567 celsi·

627 1615 740 1689 tudini
776 1613 907 1710 jugiter
940 1611 1106 1687 exhibere
1144 1633 1213 1685 uon
1242 1621 1394 1703 cessant,
1421 1612 1496 1685 suis
1518 1612 1830 1708 supplicationibus
1856 1615 2033 1705 inclinati,

625 1737 782 1836 predicte
813 1736 930 1810 domni
958 1736 1157 1833 hospitalis,
1188 1733 1302 1810 eidem
1327 1735 1504 1830 magistro,
1530 1737 1692 1810 fratribus
1715 1745 1752 1810 et
1780 1741 2036 1816 successoribus

625 1861 829 1937 eorumdem
853 1859 899 1934 de
925 1869 1042 1933 nostre
1067 1855 1301 1932 munificentie
1317 1859 1427 1954 gratia
1455 1858 1680 1934 concedimus
1707 1869 1744 1933 et
1766 1860 1803 1932 in
1831 1872 2033 1956 perpetuum

625 1984 869 2060 confirmamus
893 1983 1127 2080 supradictam
1144 1982 1323 2056 ecclesiam
1338 1983 1376 2054 in
1398 1981 1529 2056 Chuniz
1548 2004 1630 2056 cum
1644 1983 1799 2057 ecelesiis
1819 1984 1856 2057 in
1872 1987 1982 2060 Beme
2000 1999 2034 2061 ct

624 2108 856 2184 Yverinsdorf
873 2130 954 2182 cum
980 2107 1141 2182 omnibus
1163 2107 1307 2202 justitiis
1329 2115 1366 2180 et
1389 2108 1581 2182 rationibus
1603 2108 1818 2184 earumdem.
1847 2111 2034 2186 statuimus

624 2233 731 2330 igitur
751 2239 786 2305 at
808 2231 976 2328 imperiali
996 2230 1109 2325 edicto
1124 2231 1160 2304 iu
1174 2239 1380 2328 perpetuum
1393 2232 1544 2306 valituro
1558 2233 1734 2306 sancimus
1749 2242 1922 2328 quatenus
1939 2236 2033 2310 nulla

624 2355 788 2452 deinceps
805 2375 952 2451 persona
970 2353 1111 2428 humilis
1133 2355 1191 2428 vel
1212 2353 1387 2445 sublimis,
1404 2354 1633 2428 ecclesiastica
1657 2355 1716 2428 vel
1733 2355 1930 2450 mundana,
1956 2380 2033 2456 pre·

621 2480 751 2554 dictam
788 2477 930 2552 domum
968 2477 1146 2574 hospitatis
1186 2479 1310 2550 Sancte
1343 2477 1452 2551 blerie
1488 2477 1800 2572 Thentonioorum,
1831 2480 2031 2574 magistrum

619 2602 801 2696 eumdem,
827 2601 948 2675 lratres
970 2601 1027 2674 vel
1048 2622 1264 2676 successores
1287 2622 1408 2676 eorum
1435 2610 1555 2677 eontra
1579 2610 1731 2677 tenorem
1756 2604 1925 2700 presentis
1948 2626 2031 2679 oon·

619 2725 785 2801 cessionis
804 2733 839 2800 et
863 2723 1131 2800 confirmationis
1154 2733 1270 2799 nostre
1294 2747 1399 2821 super
1427 2724 1581 2798 ecclesiis
1607 2725 1790 2800 antedictis
1813 2726 2031 2822 atiquatenus

617 2851 784 2946 impetere
804 2847 849 2944 (o)
870 2869 933 2924 sou
957 2849 1138 2925 molestare
1161 2857 1351 2946 presumat.
1374 2847 1477 2934 Quod
1495 2849 1559 2944 qui
1578 2850 1824 2946 presumpserit
1844 2860 1957 2946 preter
1976 2852 2029 2925 in·

618 2973 855 3070 dignationem
875 2973 984 3047 nostri
1003 2972 1164 3047 culminis
1186 2993 1293 3067 quam
1320 2971 1507 3046 incurrisse
1531 2992 1570 3046 se
1594 2972 1750 3064 novmit,
1779 2973 2030 3070 quinquaginta

617 3098 725 3173 libras
739 3097 816 3172 euri
831 3119 893 3194 pro
908 3118 999 3194 pena
1014 3103 1209 3195 componat,
1227 3094 1412 3170 medietate
1430 3094 1515 3169 fiseo
1534 3104 1651 3170 nosbo
1669 3095 1826 3171 etaltera
1846 3097 2030 3172 medietate

616 3221 707 3317 parti
728 3221 799 3294 lese
820 3221 999 3296 solvenda.
1020 3217 1078 3294 tto
1096 3220 1202 3315 hujus
1220 3220 1327 3313 igitur
1339 3218 1391 3316 (d)
1410 3227 1527 3294 nostre
1542 3219 1776 3293 concessionis
1796 3229 1833 3294 et
1846 3219 2029 3295 oontirma-

618 3345 722 3418 tionis
740 3344 941 3418 memoriam
960 3352 995 3418 et
1013 3344 1122 3417 robur
1141 3353 1308 3440 perpetuo
1330 3345 1535 3436 valiturum,
1556 3363 1699 3440 presens
1714 3344 1937 3439 privilegium
1953 3342 2028 3417 lieri

618 3476 654 3540 et
670 3467 782 3562 sigillo
794 3477 909 3543 nostre
924 3467 1111 3560 majestatis
1127 3465 1174 3564 (e)
1185 3468 1354 3560 jussimus
1368 3467 1587 3542 communiri.

665 3593 778 3686 Hujus
804 3592 855 3665 rei
886 3601 991 3666 testes
1012 3599 1093 3666 sunt
1119 3617 1128 3662 :
1152 3591 1377 3666 Wenceslaus
1396 3591 1538 3664 illustris
1561 3611 1627 3666 rex
1650 3591 1901 3682 Bobemorum,
1922 3591 2028 3667 Eber-

616 3713 749 3788 hardus
769 3713 1027 3810 salzburgensis
1046 3723 1081 3788 et
1100 3713 1332 3790 Theudoricus
1351 3715 1568 3790 Treuerensis
1589 3715 1859 3812 archiepiscopi,
1878 3715 2028 3791 sifridus

615 3837 872 3912 Ratisbonensis
893 3839 1081 3935 imperialis
1106 3840 1186 3914 aule
1213 3840 1455 3932 cancellarius,
1478 3839 1691 3914 Eckebartus
1714 3839 2023 3934 ltabenbergensis‚

614 3959 818 4055 liudegerus
845 3960 1080 4056 Pataviensis,
1110 4015 1171 4037 ...
1201 3963 1447 4060 Frisingensis‚
1476 3963 1595 4038 Siboto
1615 3961 1847 4058 Augustensis
1868 3972 1904 4037 et
1925 3964 2027 4038 Hein-

613 4085 709 4159 ricus
724 4084 993 4162 Constantiensis
1007 4087 1177 4185 episcopi,
1199 4087 1381 4162 Heinricus
1403 4088 1619 4183 lantgravius
1637 4086 1827 4182 Thuringie
1853 4087 2027 4184 palatinus

656 4313 699 4396 (u)
720 4317 756 4378 In
772 4315 859 4378 Tout.
874 4317 941 4378 ord.
954 4317 1060 4395 coplull
1072 4315 1147 4380 ltbro
1159 4317 1299 4382 Kuuitzc.

653 4420 692 4501 (b)
712 4422 827 4484 Ibldam
843 4420 1047 4503 l'omnisdors.

654 4526 695 4610 (c)
714 4529 751 4590 In
764 4529 871 4606 coplull
882 4530 957 4592 llbro
970 4526 1118 4612 impedire.

651 4631 697 4715 (d)
715 4633 830 4696 Ibidem
842 4634 950 4717 itaque.

655 4738 693 4818 (c)
714 4739 830 4802 Ibidem
848 4747 877 4802 ct
894 4738 973 4804 tutu
991 4759 1083 4804 nureo
1106 4743 1221 4822 typario
1241 4749 1338 4804 metro
1359 4741 1519 4826 mqatotie
1538 4743 1698 4822 impsum
1714 4737 1794 4803 unde
1812 4737 2022 4816 suspicandum

611 4843 673 4906 duo
685 4845 864 4922 exemplarta
876 4845 967 4910 lutsse
981 4850 1111 4926 reducta,
1126 4864 1220 4910 unum
1230 4865 1299 4911 cum
1310 4848 1408 4928 utgtlto
1421 4865 1516 4926 cereo,
1528 4849 1654 4912 alterum
1666 4862 1736 4910 cum
1749 4861 1838 4908 turea
1848 4843 1942 4908 tuba.
