4859 6359
428 777 528 838 leutici.
543 773 590 850 9.]
878 769 1080 831 HISTORIA
1098 767 1392 830 lthLtlllATlcll.
1780 768 1842 835 823

429 907 625 998 firmamus,
654 925 802 1000 quornm
827 904 979 998 quedam
1006 903 1153 999 propriis
1179 905 1360 976 vocabulis
1386 903 1553 977 duximus
1577 895 1837 1002 exprimendaz

430 1044 554 1104 terram
572 1029 675 1102 Butin
692 1049 773 1100 cum
791 1027 864 1100 suis
889 1027 1043 1100 torminis
1064 1036 1100 1099 et
1120 1049 1199 1099 oum
1223 1026 1407 1101 advocatia
1425 1028 1584 1122 ejusdem
1604 1039 1709 1121 tene,
1727 1032 1842 1104 curias

430 1155 645 1250 episcopales
667 1152 705 1224 in
724 1161 814 1224 tona
840 1150 1039 1244 Racsburg,
1063 1150 1235 1224 Vercbow
1258 1171 1337 1222 cnm
1360 1151 1433 1223 sois
1459 1153 1634 1241 terminis,
1659 1153 1840 1227 dimidiam

430 1277 552 1350 villam
568 1275 723 1350 Pantben
739 1282 775 1346 et
791 1273 939 1346 insulam
957 1273 1083 1366 Campe
1097 1295 1178 1344 curn
1194 1272 1296 1366 aquis
1318 1273 1384 1345 sibi
1402 1272 1668 1368 pertinentibus,
1693 1275 1730 1346 in
1752 1284 1842 1348 terra

431 1401 653 1493 Wittcnburg
668 1398 837 1488 Dodowe,
855 1398 892 1468 in
906 1407 996 1469 terra
1010 1399 1191 1469 Dartsowo
1208 1397 1460 1492 biscopcstorll,
1478 1398 1512 1468 in
1529 1407 1616 1470 terra
1629 1400 1757 1472 Brezen
1774 1407 1844 1471 tres

432 1524 532 1596 villas
558 1522 758 1614 Gressmve,
788 1521 993 1594 lllandrowo
1019 1531 1053 1592 et
1079 1521 1328 1593 llobenkerlren
1355 1541 1435 1592 curn
1461 1541 1580 1594 earnm
1608 1521 1780 1613 terminis,
1805 1523 1842 1595 in

432 1656 523 1719 terra
537 1646 733 1738 Wanninge
754 1645 854 1716 villas
871 1643 998 1716 Menke
1016 1653 1050 1715 et
1065 1646 1254 1737 brezegore
1270 1665 1349 1716 cum
1366 1666 1485 1717 earnm
1502 1645 1670 1737 terminis3
1697 1646 1732 1716 in
1754 1655 1844 1718 terra

433 1770 661 1865 Boycenburg
676 1767 797 1851 Berlin,
820 1767 856 1836 in
873 1765 1104 1839 Sadelbandia
1119 1767 1299 1857 Pulrowe,
1316 1768 1352 1837 in
1373 1768 1516 1840 Gamma
1536 1780 1603 1840 tres
1622 1790 1777 1858 mansos3
1798 1768 1845 1841 ad

434 1915 521 1965 usus
551 1913 690 1985 quoqne
719 1890 859 1984 capituli
885 1889 921 1960 in
948 1898 1036 1962 terra
1061 1889 1242 1983 liaceburg
1267 1890 1502 1982 Rodemoizle,
1530 1891 1645 1964 Citene
1668 1894 1782 1984 majus
1810 1901 1846 1964 et

435 2016 551 2088 minus
569 2037 648 2088 cum
667 2014 740 2086 suis
754 2013 921 2104 terminio,
940 2013 1164 2106 Clotesvelde,
1186 2015 1488 2108 Walegotesvelde
1509 2024 1544 2088 et
1564 2017 1783 2104 Suartcnsee,
1808 2015 1844 2087 in

328 2177 330 2182 ·
436 2150 526 2211 tcrra
550 2137 769 2232 Vlbttonburg
790 2137 960 2228 Buzowc,
985 2137 1020 2208 in
1049 2145 1138 2210 terra
1162 2135 1287 2209 Zuerin
1305 2139 1402 2210 Exen
1420 2161 1499 2210 cum
1520 2138 1593 2212 suis
1616 2139 1842 2236 pertinentiis.

436 2259 625 2333 Statuimns
657 2261 762 2354 igitur
791 2267 826 2331 et
856 2259 1024 2354 presentis
1057 2259 1172 2356 scripti
1205 2259 1409 2334 auclorilale
1438 2259 1645 2335 mandamus
1674 2271 1849 2355 quatenns

437 2381 553 2454 nullus
569 2383 729 2480 princeps
746 2381 999 2455 ecclesiasticus
1018 2393 1053 2455 et
1071 2383 1245 2476 secularis,
1267 2383 1356 2474 dux,
1382 2383 1548 2477 marchio,
1576 2407 1705 2475 comes,
1732 2383 1847 2458 advo-

437 2515 551 2597 catus,
576 2505 825 2598 ministerialis,
845 2505 1053 2579 scholtzetus
1075 2507 1130 2579 vel
1153 2507 1242 2578 alius
1262 2507 1386 2603 aliquis
1404 2509 1573 2597 officialis,
1600 2509 1741 2581 nullave
1764 2532 1848 2604 per·

436 2651 524 2705 sona
545 2630 703 2703 sublimis
723 2631 780 2704 vel
804 2629 962 2720 humilis,
986 2629 1215 2705 ecclesiastica
1237 2630 1294 2705 vel
1317 2631 1512 2720 mundana,
1540 2640 1657 2706 contra
1680 2635 1849 2730 presentis

436 2755 659 2852 protectionis
683 2765 718 2828 et
739 2753 1007 2828 confirmationis
1031 2755 1193 2850 paginam
1214 2753 1535 2851 veniropresumnt3
1554 2755 1667 2850 etqui
1691 2779 1850 2852 presum-

438 2879 520 2951 serit
543 2879 581 2950 in
607 2878 797 2951 vindictam
824 2879 1024 2952 temeritatis
1046 2900 1108 2950 sue
1130 2900 1257 2974 penam
1281 2879 1547 2973 quingentarum
1574 2902 1768 2954 marcarum
1793 2903 1851 2954 ar·

438 3003 533 3096 genti
550 3024 588 3076 se
600 3003 734 3074 noverit
750 3003 982 3094 incursurum,
999 3023 1146 3096 quarum
1166 3001 1281 3075 media
1296 3022 1376 3097 pars
1389 3023 1523 3074 camere
1538 3012 1653 3075 nostre
1665 3013 1703 3075 et
1717 3004 1847 3098 reliqua

439 3125 551 3221 passis
573 3126 734 3218 injuriam
758 3127 987 3222 persolvatur.
1015 3123 1071 3199 Ad
1097 3125 1202 3218 bnjns
1226 3125 1344 3219 itaque
1366 3123 1587 3220 protectionis
1607 3134 1643 3198 et
1667 3123 1849 3199 confirma·

441 3249 544 3322 tionis
561 3259 677 3323 nostre
693 3251 892 3322 memoriam
908 3261 941 3328 et
957 3249 1063 3322 robur
1078 3258 1244 3344 perpetuo
1257 3250 1457 3339 valiturum,
1475 3269 1615 3344 presens
1629 3251 1848 3346 privilegium

441 3369 514 3444 lieri
529 3381 563 3444 et
574 3372 670 3444 bulla
686 3395 791 3445 aurea
809 3373 944 3469 typario
962 3381 1076 3446 nostre
1097 3373 1285 3466 majestatis
1308 3373 1473 3467 impressa
1490 3373 1657 3465 jussimus
1675 3375 1846 3468 insigniri.

491 3495 603 3586 Hujus
624 3496 715 3568 enim
743 3497 798 3582 rei
819 3505 921 3569 testes
947 3504 1028 3568 sunt
1051 3497 1260 3570 venerabilis
1278 3497 1450 3591 Siglridus
1473 3497 1751 3593 archiepiscopus
1774 3500 1850 3573 Μο-

443 3618 623 3710 gnntinus,
642 3618 819 3692 Conradns
833 3620 884 3714 (a)
898 3618 1176 3713 Argentinensis,
1199 3619 1376 3692 Conradns
1395 3620 1565 3714 Spirensis
1579 3621 1743 3715 episcopi,
1763 3621 1850 3694 Con·

443 3739 549 3814 radus
563 3739 608 3814 da
620 3743 745 3814 Sancto
761 3741 872 3833 Gallo,
892 3743 1027 3815 Ulrious
1042 3742 1088 3815 de
1104 3742 1272 3815 illurbacb
1288 3744 1444 3836 abbates,
1464 3745 1680 3816 Hermannus
1698 3745 1852 3818 marchio

444 3861 491 3936 (le
518 3863 657 3956 Badeo,
688 3863 867 3940 Conradus
897 3865 1106 3962 burgravius
1138 3863 1182 3938 de
1208 3865 1445 3960 Nuremberg,
1475 3886 1591 3939 comes
1619 3867 1776 3940 eilbertus
1807 3869 1852 3942 do

445 3989 638 4086 Habspurg,
656 3967 833 4066 Conradus
854 3989 900 4065 de
920 3989 1116 4065 Hobenloob
1135 4011 1252 4064 comes
1268 3991 1480 4085 Romaniolo,
1505 3989 1681 4066 Conradus
1697 3991 1742 4067 de
1755 3992 1853 4067 Win-

444 4112 587 4185 terstadt
602 4113 779 4208 pincerna,
795 4116 963 4190 lisnricns
980 4115 1028 4188 de
1041 4113 1277 4210 Pappenboim
1292 4113 1479 4210 imperialis
1491 4114 1570 4188 aule
1584 4117 1804 4209 marscalcus,
1820 4127 1856 4191 et

443 4235 503 4308 olii
519 4237 756 4332 quamplures.

493 4359 637 4453 Signum
660 4357 793 4436 domim
818 4363 926 4434 nostri
948 4363 1112 4435 Fridorici
1131 4361 1276 4435 secundi
1292 4362 1355 4434 Dei
1374 4362 1484 4455 gratia
1501 4362 1716 4435 invictissimi
1734 4361 1856 4437 Roma·

446 4503 570 4556 norum
602 4484 816 4582 imperatoris
844 4508 980 4583 semper
1005 4487 1168 4580 augusti,
1188 4487 1377 4562 Jerusalem
1400 4496 1435 4560 ct
1454 4486 1571 4560 Sicilie
1596 4487 1700 4582 regis.
1724 4487 1854 4582 (liono-

444 4609 627 4702 promota.)

491 4873 535 4956 (a)
555 4877 603 4940 Slc
619 4897 626 4937 :
642 4884 720 4940 recte
732 4885 830 4941 umen
844 4877 1026 4941 bertlottus.
