4859 6359
410 826 507 886 linter.
522 822 570 901 8.]
861 820 1063 883 HISTORIA
1085 813 1379 878 olvtoarllrlctt

646 1125 687 1141 —

467 1417 674 1525 Heuricus,
708 1417 968 1500 Romanomm
1004 1441 1095 1522 rex,
1133 1413 1279 1498 civibus
1315 1415 1354 1496 in
1389 1413 1641 1498 Frankenfort
1671 1425 1824 1524 propter
1874 1415 2016 1522 wiell„

416 1550 692 1659 reparationem
706 1549 834 1658 pontis
845 1574 979 1632 eorum
992 1548 1060 1658 qui
1071 1571 1118 1631 ex
1131 1546 1380 1630 inundatione
1391 1571 1580 1656 aquarum
1598 1547 1637 1630 in
1656 1548 1824 1632 maxima
1925 1537 1948 1568 '²

416 1691 521 1790 parte
548 1692 761 1790 corruerat,
781 1681 1021 1766 medietatem
1047 1691 1300 1790 proventuum
1321 1689 1494 1763 monetae
1516 1705 1607 1763 suae
1630 1680 1671 1762 in
1693 1681 1823 1764 Fren-

416 1814 566 1898 keniort
583 1825 621 1897 et
637 1816 686 1897 de
704 1813 820 1925 sylvis
838 1814 918 1896 suis
935 1813 1042 1923 ligna
1059 1813 1271 1896 necessaria
1292 1813 1476 1894 concedit.

500 2057 598 2137 (Bdlt.
612 2075 662 2135 cp.
675 2058 789 2130 Lame,
799 2055 1009 2134 usumin,
1022 2063 1045 2119 t
1059 2058 1143 2132 xm,
1157 2074 1189 2135 p.
1206 2065 1278 2118 ⁵58.
1289 2088 1325 2102 -
1337 2053 1474 2137 Priuilrp.
1489 2063 1518 2118 ct
1528 2057 1620 2119 Pecto
1632 2075 1688 2118 coc
1699 2055 1824 2119 stond-

526 2163 610 2244 srrrt,
624 2183 656 2243 p.
672 2175 702 2227 9.
715 2197 757 2213 -·
769 2165 930 2239 Mrem,
947 2162 1044 2227 Codes
1053 2161 1291 2243 Mmsranros„
1306 2170 1330 2224 t.
1346 2165 1371 2240 1,
1386 2181 1417 2240 p.
1433 2161 1497 2242 ot.)

466 2379 504 2449 ln
520 2379 659 2452 nomine
672 2380 821 2452 Domini.
842 2378 967 2452 Amen.
987 2379 1156 2454 Henricus
1173 2379 1362 2474 septimus,
1385 2377 1447 2450 Dei
1466 2378 1576 2472 gratia
1592 2380 1822 2455 Romanorum

419 2524 481 2574 rex
504 2524 639 2598 semper
664 2514 851 2597 angustus,
879 2503 1042 2577 fidelibus
1066 2503 1140 2575 suis
1161 2502 1332 2575 universis
1357 2501 1493 2574 civibus
1522 2503 1557 2572 in
1581 2503 1827 2578 Franckenlurt

421 2648 481 2720 pro
497 2636 652 2722 tempore
668 2628 861 2700 constitutis
879 2628 1024 2720 gratiam
1042 2649 1139 2700 suam
1155 2638 1191 2699 et
1210 2647 1313 2700 omae
1335 2625 1478 2698 bonnm.
1505 2627 1600 2698 Sicut
1628 2649 1688 2724 pre
1703 2630 1824 2702 ceteris

420 2751 617 2823 civitatibus
631 2761 666 2823 et
683 2751 882 2824 hominibus
899 2751 1023 2826 nostris
1038 2751 1162 2824 civitas
1171 2761 1286 2824 vestra
1298 2749 1398 2822 nobis
1409 2750 1574 2822 hactenus
1588 2751 1825 2846 obsequiosior

420 2895 461 2946 ac
473 2873 630 2947 devotior
642 2876 796 2948 extitisse
811 2875 1082 2959 demonstratur,
1104 2875 1204 2948 sicet
1220 2875 1329 2966 gratia
1346 2883 1462 2947 nostra
1480 2873 1584 2946 debet
1600 2896 1662 2948 vos
1675 2877 1826 2971 amplio-

420 2997 515 3071 ribus
530 2997 708 3071 bcneliciis
723 3000 947 3074 honorarent
964 3022 1025 3095 per
1040 2999 1107 3073 hoc
1127 2998 1256 3074 favoris
1270 2999 1376 3070 nostri
1394 2998 1642 3094 plenitudinem
1660 3000 1825 3094 experia-

421 3122 504 3194 mini
521 3144 584 3218 pcr
600 3123 774 3196 effectum.
793 3125 878 3197 Com
896 3125 1002 3220 igitur
1026 3146 1073 3198 ex
1102 3123 1279 3219 repentina
1303 3123 1526 3195 inundatione
1547 3145 1715 3216 aquarum
1738 3145 1825 3219 pons

384 3256 388 3262 ’
419 3257 531 3320 vester
546 3249 754 3343 aliquotiens
767 3249 962 3322 destruatur
979 3250 1016 3322 in
1030 3259 1127 3346 parte
1143 3258 1178 3321 at
1191 3249 1331 3322 tandem
1349 3249 1435 3321 lortc
1450 3257 1635 3338 corruerat,
1652 3247 1742 3318 sicut
1753 3250 1825 3340 jam

421 3373 644 3467 perpenditur
668 3373 848 3448 manifesta
870 3397 917 3447 ex
943 3395 985 3447 eo
1008 3373 1104 3468 quod
1125 3371 1274 3466 quedam
1293 3371 1374 3467 pylo
1394 3371 1508 3444 medie
1528 3380 1609 3443 sunt
1633 3370 1824 3460 destructo;

421 3493 510 3567 hanc
526 3495 627 3568 vobis
644 3496 790 3588 gratiam
807 3497 935 3570 intuitu
953 3495 1091 3592 pletatis
1108 3517 1149 3567 ac
1159 3504 1274 3567 vestre
1288 3493 1480 3568 devotionis
1491 3503 1648 3588 respectu
1662 3493 1829 3567 duximus

421 3619 615 3692 laciendum
629 3630 664 3692 et
678 3642 720 3694 ea
738 3620 775 3692 ia
799 3630 1005 3718 perpetuum
1030 3620 1194 3694 volomus
1211 3640 1275 3693 vos
1295 3618 1466 3713 gaudere,
1484 3619 1615 3691 scillcet
1637 3629 1675 3690 ut
1690 3619 1830 3694 medie·-

423 3752 525 3816 tatem
538 3753 772 3839 proventuum
787 3755 924 3818 monete
938 3754 1056 3817 nostra
1070 3744 1107 3815 in
1122 3741 1371 3816 Franckanlurt
1389 3741 1436 3815 ad
1453 3743 1702 3838 reparationem
1722 3744 1830 3838 ipsius

421 3866 534 3960 pontis
557 3867 657 3938 annis
676 3867 823 3960 singulis
839 3867 996 3940 habeatis
1014 3877 1179 3963 perpetuo
1205 3877 1241 3939 et
1264 3865 1310 3939 de
1329 3855 1439 3961 sylvus
1455 3865 1579 3938 nostris
1593 3865 1831 3960 adjacentibus

423 3988 532 4082 ligna,
553 3989 669 4083 siqua
686 3991 742 4064 vel
757 3999 887 4085 quantu
902 3991 948 4064 ad
972 3991 1010 4064 id
1032 3990 1223 4064 necessaria
1245 3999 1348 4062 erunt
1365 3989 1478 4062 vobis.
1500 3989 1652 4084 Ideoque
1669 3992 1831 4064 volumus

422 4121 457 4183 et
484 4112 692 4186 mandamus
716 4113 819 4185 vobis
843 4113 996 4187 districta
1016 4123 1055 4186 ut
1075 4113 1120 4188 de
1150 4113 1204 4185 his
1230 4114 1456 4209 proventibus
1483 4115 1647 4207 reparetis
1670 4115 1832 4186 continue

424 4245 564 4328 pontem
580 4237 709 4333 ipsum.
731 4237 775 4310 Ut
798 4247 914 4311 autem
941 4260 1045 4334 super
1068 4238 1133 4310 hac
1154 4239 1264 4332 gratia
1287 4237 1388 4309 vobis
1407 4239 1495 4310 lacta
1510 4246 1710 4332 perpetuam
1729 4237 1832 4308 certi·

425 4560 453 4618 p.
476 4546 528 4603 lot
547 4563 556 4602 r
574 4565 589 4602 c
610 4545 689 4604 dano
704 4545 879 4607 HGCXXXV
897 4545 1048 4621 iutelligens
1065 4563 1113 4605 rex
1132 4552 1237 4622 patrem
1254 4547 1448 4616 adventurum,
1464 4546 1561 4604 timens
1579 4561 1657 4616 eum,
1677 4547 1765 4620 coepit
1781 4546 1834 4604 sibi

425 4641 558 4700 ascincmc
570 4643 703 4702 amicitias
713 4644 865 4719 principum
879 4651 908 4703 et
919 4645 1053 4704 baronum
1066 4650 1095 4703 et
1107 4645 1246 4704 civitatum
1260 4661 1379 4702 suarum.
1398 4643 1477 4702 Unde
1493 4644 1624 4718 incipiens
1639 4644 1783 4715 altasilea,
1798 4645 1834 4702 ab

424 4738 550 4798 omnibus
564 4740 721 4800 civitatibus
732 4741 791 4798 suis
803 4741 832 4798 ia
844 4742 948 4800 Alsatia
960 4743 1065 4817 accepit
1075 4742 1184 4801 obsides
1196 4759 1232 4800 nc
1244 4743 1280 4800 ab
1300 4759 1334 4800 eo
1354 4742 1496 4800 resilirent.
1514 4742 1652 4816 Disposuit
1671 4743 1752 4799 etiam
1773 4759 1836 4800 cum

424 4838 477 4896 illis
489 4839 524 4898 de
541 4841 622 4899 lidan
637 4847 666 4899 et
683 4856 746 4900 cum
769 4841 830 4900 eliis
849 4841 1011 4916 quibusdam
1027 4841 1100 4916 quod
1117 4841 1189 4899 bello
1211 4841 1383 4916 Impetieruut
1402 4841 1584 4900 marchionem
1599 4841 1642 4914 [de
1661 4841 1772 4900 Badeal.
1785 4842 1837 4913 ont

426 4937 686 4996 certusdcadventu
698 4939 879 5015 imperatoris,
891 4940 1002 4998 viriliter
1012 4954 1043 4998 se
1053 4939 1208 4998 defendit.»
