4859 6359
453 725 551 785 irorcr.
566 719 610 805 8.]
901 717 1097 778 tttsrolttu
1122 716 1413 778 olruoltltrlclt.
1584 779 1586 785 ,
1803 721 1863 783 745

454 876 516 928 suc
528 853 718 927 convicerit
733 861 964 943 sacramento,
983 852 1139 925 omnium
1151 852 1321 924 bonorum
1329 853 1545 926 successione
1553 863 1621 927 tam
1640 863 1859 950 paternorum

456 1001 559 1073 qoam
592 987 843 1065 maternorum,
868 973 1049 1047 mobilium
1083 983 1120 1048 et
1137 973 1384 1065 immobilium,
1423 976 1550 1064 leodis,
1584 979 1790 1074 proprietate
1821 1001 1863 1051 uc
1908 961 1913 969 ¹

455 1101 644 1174 hereditate
658 1096 705 1172 sit
721 1107 887 1194 perpetuo
903 1099 980 1192 ipsc
994 1101 1073 1191 jure
1084 1098 1259 1194 privatus3
1285 1097 1333 1169 ita
1354 1099 1451 1193 quod
1466 1123 1531 1172 nec
1547 1101 1652 1195 patris
1678 1123 1742 1174 nee
1759 1101 1863 1174 ullius

454 1225 582 1318 judicis
593 1224 807 1298 restitutione
815 1222 872 1295 vel
883 1219 1051 1295 beneficio
1066 1223 1304 1316 ullouuquam
1318 1231 1470 1316 tempore
1480 1224 1640 1318 potiatur.
1661 1225 1767 1298 lilius
1782 1247 1864 1299 vero

458 1350 517 1444 qui
543 1360 689 1422 mortem
718 1345 825 1442 putris
852 1346 956 1418 tuerit
981 1344 1214 1434 machinatus,
1248 1354 1309 1417 unt
1322 1346 1550 1420 ,vulnerando
1575 1358 1636 1419 aut
1653 1349 1862 1424 vinculaudo

460 1497 582 1547 manus
594 1473 763 1546 violentas
778 1471 816 1542 in
834 1492 915 1542 eum
929 1470 1104 1562 injecerit,
1123 1470 1153 1540 si
1169 1468 1216 1542 de
1230 1468 1297 1540 hcc
1310 1489 1425 1540 coram
1440 1491 1504 1542 suo
1518 1470 1637 1562 judice
1655 1472 1757 1544 luerit
1773 1495 1865 1546 con-

461 1599 591 1684 victus,
615 1595 813 1692 supradicto
837 1593 1053 1691 modo-omni
1070 1594 1152 1685 jure
1171 1593 1336 1686 omnique
1362 1602 1438 1664 actu
1463 1594 1615 1688 legitimo
1633 1606 1798 1690 perpetuo
1821 1598 1866 1670 sit

462 1723 536 1817 ipso
546 1721 625 1812 juro
637 1719 806 1814 privatus,
816 1716 915 1812 quod
930 1717 1040 1808 vulgo
1052 1715 1180 1788 dicitur
1191 1716 1326 1788 erenlos
1340 1725 1374 1788 et
1384 1717 1524 1806 rehtlos,
1540 1719 1636 1790 nulla
1645 1719 1736 1790 circs
1750 1721 1865 1814 ipsum

463 1844 676 1918 restitutione
692 1843 806 1915 locum
826 1841 986 1914 habente.
1006 1840 1124 1914 Testes
1142 1859 1225 1912 vcro
1247 1859 1472 1934 quoscunque
1495 1849 1591 1934 pater
1613 1862 1728 1914 coram
1747 1843 1867 1933 jndice

464 1967 645 2063 superbiis
659 1964 909 2053 nominaverit,
936 1985 1007 2036 non
1031 1962 1190 2036 obstante
1210 1963 1507 2056 mnsanguinitate
1531 1985 1600 2058 qua
1615 1965 1704 2058 patri
1721 1965 1777 2038 vel
1795 1963 1867 2040 filio

466 2101 546 2165 sunt
560 2091 708 2180 astricti,
728 2089 824 2162 omni
838 2109 978 2183 prorsus
992 2085 1262 2160 contradictione
1275 2095 1310 2159 et
1332 2089 1535 2182 exceptione
1555 2089 1789 2179 cessantibus,
1816 2097 1867 2162 te·

466 2226 611 2290 neantur
620 2215 761 2287 veritati
791 2213 1024 2287 testimonium
1044 2186 1236 2306 perhibere.
1254 2209 1357 2294 Quod
1380 2211 1409 2282 si
1439 2211 1632 2304 renuerint,
1663 2223 1868 2306 cogantura

465 2340 581 2432 jndice
602 2341 682 2432 jure
707 2337 826 2411 debito
853 2348 890 2410 et
920 2346 1101 2428 consueto,
1132 2332 1200 2408 nisi
1231 2356 1330 2408 suam
1363 2334 1612 2410 declaraverint
1638 2337 1868 2428 ignorantiam

469 2471 690 2537 ornamento.

513 2586 753 2662 llinisteriales
764 2606 849 2658 vero
864 2595 900 2658 et
914 2583 1049 2657 servilis
1066 2582 1272 2656 conditionis
1286 2582 1442 2656 homines
1454 2581 1609 2677 ejusdem
1624 2603 1774 2677 quorum
1791 2607 1872 2658 eon·

472 2711 546 2785 silio
559 2720 596 2784 et
608 2710 743 2783 auxilio
755 2707 850 2782 filius
864 2707 1005 2804 aliquod
1021 2708 1229 2802 prelatorum
1244 2708 1412 2780 scelerum
1431 2707 1657 2801 perpetravit,
1678 2729 1793 2782 coram
1807 2731 1872 2782 suo

470 2834 585 2927 judice
603 2833 795 2907 secundum
813 2835 958 2906 formam
981 2831 1211 2926 supradictam
1235 2853 1255 2902 a
1279 2841 1376 2926 patro
1393 2830 1541 2903 convicti
1565 2831 1761 2924 supradicte
1786 2854 1873 2927 pene

474 2980 539 3054 que
551 2959 658 3052 vulgo
673 2958 801 3030 dicitur
817 2956 1149 3045 erenlosetrehtlos,
1163 2963 1330 3049 perpetuo
1342 2953 1570 3026 cuminlamie
1586 2963 1667 3028 nota
1675 2956 1876 3050 subjaceant

474 3083 546 3178 ipso
554 3082 647 3174 jure.
659 3081 782 3154 Contra
792 3101 881 3174 qnos
892 3088 1009 3152 tamen
1021 3099 1091 3151 nou
1108 3079 1156 3150 ita
1165 3077 1318 3152 districte
1329 3075 1546 3173 procedatur,
1566 3077 1632 3150 nisi
1647 3079 1744 3172 prius
1757 3089 1874 3152 contra

475 3204 579 3278 lilium
596 3207 640 3278 sil
657 3227 855 3302 processum
874 3212 913 3275 ut
930 3202 1075 3275 maliciis
1089 3213 1124 3274 et
1139 3201 1321 3274 fraudibus
1338 3211 1547 3274 occurratur.

520 3333 611 3403 Saue
634 3351 754 3402 omnes
778 3329 835 3401 alii
855 3349 1003 3423 qnorum
1024 3326 1168 3398 consilio
1185 3335 1220 3398 et
1243 3325 1376 3397 auxilio
1396 3323 1489 3397 filius
1504 3334 1621 3398 eontra
1639 3335 1771 3421 patrem
1786 3347 1879 3400 com·

477 3454 623 3543 miserit,
642 3453 792 3525 convicti
805 3473 870 3548 per
882 3460 987 3524 testes
999 3451 1103 3542 juxta
1119 3450 1263 3522 formam
1280 3447 1468 3544 predictam
1485 3449 1636 3548 uindice
1654 3451 1690 3522 in
1706 3453 1807 3542 cujus
1820 3453 1879 3543 ju-

477 3577 672 3650 risdictione
686 3576 724 3648 id
740 3575 894 3648 evenerit
905 3574 1182 3669 proscribantur3
1203 3593 1268 3645 neo
1284 3572 1506 3644 absolvantur
1519 3595 1540 3644 a
1554 3575 1802 3668 proscriptione
1814 3577 1880 3650 nisi

479 3699 602 3772 demna
618 3721 738 3771 corum
754 3697 897 3770 consilio
920 3706 954 3770 et
971 3696 1104 3769 auxilio
1126 3697 1220 3768 illata
1246 3696 1489 3790 persolverint,
1519 3697 1607 3791 patri
1636 3697 1671 3768 in
1687 3698 1834 3795 duplum
1847 3711 1882 3775 et

476 3823 583 3913 judici
600 3820 696 3916 quod
706 3819 1164 3892 tenenturvidelicctwctte.
1178 3817 1213 3889 Si
1224 3818 1395 3912 quievero
1405 3818 1607 3892 eorumdem
1619 3821 1884 3918 vasalluspatris

481 3945 597 4034 luerit,
618 3944 865 4017 nichilominus
883 3945 959 4039 ipso
970 3947 1051 4037 jure
1075 3951 1241 4038 perpetuo
1260 3943 1360 4016 cadat
1382 3965 1403 4015 a
1426 3943 1539 4017 leudo.
1560 3945 1596 4016 Si
1622 3965 1705 4018 vero
1722 3948 1883 4021 domiuus

481 4067 569 4141 idem
586 4067 727 4141 feodum
742 4069 774 4139 ei
794 4067 1075 4162 quandocunque
1093 4067 1297 4158 restituerit,
1318 4066 1532 4140 tantumdem
1548 4067 1708 4142 debonis
1725 4071 1798 4143 suis
1815 4073 1883 4144 im·

483 4193 664 4266 mobilibus
677 4191 733 4264 vel
745 4191 775 4262 si
788 4191 853 4263 hec
866 4212 936 4263 non
947 4191 1126 4278 habuerit,
1145 4190 1394 4264 estimationem
1411 4213 1531 4264 eorum
1546 4191 1657 4284 judici
1671 4215 1735 4266 suo
1751 4197 1882 4289 persol-

483 4335 561 4388 vere
577 4323 747 4387 teneatur.
762 4314 801 4384 ln
813 4315 976 4387 omnibus
992 4322 1108 4387 tammr
1128 4314 1244 4416 coquis
1256 4315 1451 4388 memoratis
1469 4315 1515 4386 sit
1535 4317 1646 4388 omnis
1663 4319 1758 4390 testis
1777 4319 1879 4411 liber,

484 4435 603 4529 integri
619 4447 775 4510 statuset
792 4437 883 4511 bone
900 4438 1007 4530 lame,
1028 4438 1065 4508 iu
1082 4438 1197 4510 causis
1212 4438 1348 4532 perium
1366 4440 1562 4535 principum
1574 4449 1608 4512 et
1628 4441 1787 4530 aliorum,
1807 4443 1883 4517 sive

485 4554 658 4634 interiores
672 4562 749 4656 ipso
761 4561 849 4652 sint,
870 4561 974 4632 etiam
990 4561 1256 4635 ministerialiter
1272 4559 1337 4656 (a).
1363 4561 1599 4636 Ministeriales
1615 4585 1700 4636 vero
1720 4565 1757 4636 in
1773 4567 1885 4639 causis

486 4684 753 4758 ministerialium
768 4693 804 4758 et
815 4685 1032 4776 inferiorum,
1052 4684 1116 4758 sed
1127 4685 1247 4758 nonin
1264 4685 1376 4757 causis
1392 4685 1600 4778 liberorum;
1623 4688 1742 4761 rustici
1756 4711 1838 4764 vero
1852 4704 1886 4765 et

525 4831 565 4910 (a)
585 4833 680 4894 idest
691 4831 747 4895 rice
767 4835 855 4895 aaut
870 4835 931 4895 riso
950 4830 1148 4894 mimuriclir
1165 4831 1353 4909 eruditiorum
1378 4837 1543 4914 germanice
1558 4853 1614 4898 coo
1626 4835 1883 4904 dirortmonnrort.

564 4937 614 4999 lv.
637 4953 726 5000 rme
1689 4953 1727 5004 ar
