4859 6359
463 1250 525 1305 Apud

418 1306 570 1359 lierbipoiim,

1102 716 1315 781 ruinnaldi
1339 718 1514 781 securint
1823 721 1903 805 [An.
1921 723 2008 789 im

657 1240 893 1346 Fridericus,
922 1241 1180 1323 Romanorum
1209 1239 1430 1349 imperator,
1460 1239 1618 1324 sculteto
1643 1241 1692 1323 de
1714 1241 1951 1350 Oppenheim
1973 1256 2010 1328 et

461 1361 528 1402 Μ·
606 1373 887 1457 successoribus
908 1371 992 1481 ejus
1007 1372 1166 1454 mandat
1191 1382 1234 1454 ut
1251 1371 1340 1481 jura
1362 1384 1399 1456 et
1419 1373 1711 1456 consuetudines
1729 1400 1828 1483 quae
1844 1375 1945 1459 cives
1962 1378 2010 1461 de

607 1504 843 1615 Oppenheim
862 1530 885 1587 a
902 1502 1098 1613 majestate
1120 1530 1190 1587 sua
1208 1514 1356 1611 tenent,
1376 1504 1576 1588 observare
1594 1506 1782 1589 studeant.

678 1715 801 1795 (incdit.
824 1732 865 1776 ex
876 1714 1013 1793 originali
1029 1715 1062 1775 iu
1074 1713 1197 1775 archivo
1214 1713 1464 1787 Ilarmatadtensi,
1478 1724 1511 1777 n·
1534 1724 1587 1789 ης
1608 1714 1698 1793 sigilii
1716 1717 1792 1777 cerei
1811 1716 2009 1795 mmmm

724 1823 838 1899 laqueis
850 1820 1045 1883 membraneis
1057 1816 1188 1899 pendet)

653 2004 725 2090 Fu,
745 2002 808 2074 Dei
831 2002 939 2095 gratia
959 2002 1189 2073 Romanorum
1210 1999 1394 2095 imperator
1413 2020 1549 2095 semper
1565 2011 1749 2095 augustus,
1770 2002 1956 2077 ierusalem
1976 2014 2011 2077 et

607 2128 731 2224 Syciiie
743 2148 819 2212 rex,
836 2126 980 2197 sculteto
997 2122 1043 2196 de
1059 2123 1262 2218 Oppeubein
1288 2132 1323 2195 et
1341 2122 1511 2195 universis
1529 2124 1679 2196 scultetis
1692 2124 1821 2198 ibidem
1838 2148 1900 2221 pm
1916 2138 2010 2201 tem-

606 2272 692 2347 pore
708 2248 901 2322 constitutis
927 2246 1090 2319 fidelibus
1111 2248 1184 2319 suis
1208 2246 1353 2339 gratiam
1370 2268 1469 2320 suam
1487 2256 1522 2319 et
1543 2268 1645 2320 omne
1663 2248 1805 2322 bonum.
1822 2250 1937 2336 Quum
1964 2252 2010 2325 ad

607 2376 674 2448 boc
691 2377 771 2467 jura
788 2371 948 2467 specialia
971 2390 1032 2465 per
1048 2370 1230 2464 privilegia
1247 2380 1283 2443 ot
1301 2370 1428 2465 scripta
1444 2370 1580 2465 publica
1598 2372 1834 2445 conceduntur
1847 2384 1886 2444 ut
1902 2384 2011 2447 status

607 2498 809 2571 devotorum
831 2494 964 2589 imperii
981 2492 1026 2566 de
1041 2494 1133 2565 bono
1148 2495 1185 2564 in
1204 2494 1329 2566 meiius
1344 2468 1525 2587 augeatun
1544 2494 1626 2567 binc
1637 2506 1690 2567 est
1709 2497 1826 2589 itaque
1838 2498 1935 2591 quod
1947 2522 2011 2573 nos

607 2626 720 2695 tutare
744 2620 880 2692 utilitati
899 2618 1029 2691 civium
1052 2626 1246 2690 nostrorum
1269 2618 1314 2691 de
1333 2618 1534 2713 Oppenbein
1551 2620 1735 2715 providere
1751 2624 1923 2714 volentes,
1948 2624 2011 2697 tibi

607 2748 745 2839 tuisque
773 2742 1029 2816 successoribus
1057 2741 1264 2813 mandamus
1293 2762 1355 2836 per
1383 2752 1560 2836 optentum
1593 2744 1702 2836 gratie
1732 2756 1846 2819 nostre
1871 2744 2012 2821 tirmiter

607 2870 835 2967 precipientes
856 2867 1019 2960 quatinus
1032 2867 1112 2959 jura
1137 2874 1171 2937 et
1194 2866 1461 2939 consuetudines
1478 2866 1625 2939 civitatis
1651 2866 1695 2940 de
1715 2868 1915 2963 Oppenbein
1941 2892 2012 2969 que

607 3018 669 3093 per
687 2992 868 3090 privilegia
885 3012 948 3087 pro
971 2990 1055 3085 ipsis
1076 2988 1212 3061 civibus
1234 2998 1350 3063 nostra
1371 2991 1530 3081 majestas
1550 2990 1757 3081 introduxit,
1782 2994 1903 3065 tamin
1921 2996 2012 3067 civi-

605 3130 675 3193 tate
690 3137 794 3213 quam
815 3124 913 3187 extra
929 3112 1103 3186 civitatem
1120 3114 1156 3183 in
1171 3112 1271 3184 terris
1284 3122 1318 3186 et
1336 3114 1371 3185 in
1394 3115 1494 3209 aquis
1515 3114 1626 3187 taliter
1642 3114 1826 3191 observare
1846 3120 2011 3195 studeatis

605 3252 643 3314 ut
667 3263 705 3314 se
722 3240 873 3313 munitos
897 3238 1087 3334 privilegiis
1110 3236 1235 3309 nostris
1250 3234 1424 3331 gaudeant
1437 3247 1471 3309 et
1485 3258 1548 3311 vos
1567 3237 1837 3331 indignationem
1861 3252 2011 3317 nostram

603 3364 740 3461 possitis
755 3362 897 3433 evitare.

651 3488 776 3558 ilatum
791 3482 888 3579 apud
908 3482 1138 3579 Herbipolim,
1157 3504 1250 3555 anno
1268 3482 1440 3557 dominice
1457 3485 1700 3559 incarnationis
1719 3486 1767 3561 ti.
1782 3486 1843 3560 CC.
1855 3488 2009 3583 xxxvi,

604 3631 721 3684 mense
737 3608 857 3699 madii,
880 3626 970 3679 none
987 3606 1197 3680 indictionis.

1586 3875 1778 3890 m

507 4147 522 4190 ¹¹
658 4134 889 4245 FridericuS‚
908 4136 1170 4220 Romanorum
1198 4136 1418 4245 imperator,
1447 4137 1497 4219 ad
1519 4136 1831 4247 supplicationem
1849 4136 2011 4246 Philippi

603 4270 653 4352 de
676 4268 888 4353 Hohenvels
909 4268 1032 4352 fidelis
1058 4270 1138 4375 sui,
1165 4268 1245 4352 filio
1267 4280 1305 4351 et
1330 4268 1430 4352 filiae
1454 4268 1536 4379 ejus
1562 4269 1735 4379 Phiiippo
1757 4282 1795 4353 et
1818 4270 2010 4353 Elizabetb

605 4401 718 4485 leuda
745 4427 844 4511 quae
869 4401 950 4510 ipse
976 4401 1175 4510 Phiiippus
1201 4400 1251 4484 ab
1273 4400 1431 4511 imperio
1452 4410 1573 4509 tenet,
1592 4410 1678 4509 posi
1704 4413 1868 4485 mortem
1894 4401 2011 4511 ipsius

603 4534 831 4643 possidenda
848 4534 1032 4617 concedit.

683 4735 802 4811 (inedit.
817 4751 855 4793 ex
868 4734 1001 4811 originali
1014 4736 1045 4793 in
1058 4734 1179 4795 archivo
1191 4733 1292 4795 ducat.
1304 4734 1433 4796 Nonoow.
1450 4732 1530 4809 apud
1542 4720 1653 4795 idstein
1664 4736 1754 4809 juxta
1767 4730 2008 4803 Franooiurturn;

719 4842 810 4917 caius
821 4842 936 4917 copiam
949 4839 1107 4901 liberaliter
1120 4838 1205 4901 nobis
1219 4840 1289 4901 iecit
1301 4842 1349 4901 vir
1362 4842 1496 4918 egregius
1505 4839 1536 4901 i.
1551 4838 1587 4901 F.
1601 4838 1803 4917 buchnerus.)
