4859 6359
425 792 524 853 laurcr.
539 788 582 873 9.]
868 788 1069 851 HISTORIA
1094 786 1389 851 lllPLOhillTlCd.
1476 810 1480 819 ⁴
1778 790 1838 853 893

425 926 588 999 culminis
603 923 809 1019 imperialis,
827 932 863 997 et
877 925 945 997 nisi
963 924 1110 1019 predicti
1129 925 1224 997 cives
1241 924 1433 1019 Magantini
1451 944 1566 997 coram
1584 944 1647 997 suo
1662 924 1783 1015 judice
1800 927 1834 997 in

426 1050 565 1123 civitate
592 1049 795 1142 Maguntiua
814 1048 917 1139 juxta
939 1049 1019 1140 jura
1038 1056 1073 1119 et
1088 1048 1357 1120 consuetudines
1374 1048 1483 1142 ipsius
1509 1047 1657 1121 civitatis
1680 1069 1833 1144 conque-

425 1173 581 1246 rentibus
606 1172 652 1244 de
677 1170 761 1263 ipsis
789 1170 1036 1265 denegaverint
1058 1171 1228 1263 justitiam
1254 1171 1430 1243 exhihere.
1458 1172 1646 1245 Statuimus
1672 1172 1776 1267 igitur
1800 1185 1834 1245 et

424 1297 592 1392 presentis
616 1293 789 1389 privilegii
810 1294 1013 1368 auctoritate
1035 1292 1243 1367 mandamus
1263 1302 1433 1388 quatenus
1455 1296 1550 1366 nulla
1575 1317 1737 1391 persona,
1760 1296 1832 1369 hu-

423 1419 515 1490 milis
532 1420 588 1491 vel
606 1417 782 1508 sublimis,
803 1427 920 1490 contra
941 1418 1109 1511 presentis
1126 1418 1235 1511 gratie
1252 1428 1367 1491 nostre
1385 1418 1546 1511 paginam
1564 1420 1684 1492 venire
1704 1430 1831 1494 temere

423 1550 611 1637 presumat.
633 1540 735 1649 Quod
753 1541 815 1636 qui
829 1539 1076 1637 presumpserit
1093 1540 1130 1611 in
1148 1540 1338 1615 vindictam
1356 1542 1556 1615 temeritatis
1572 1564 1635 1615 sne
1651 1547 1829 1639 quinqua-

423 1666 520 1760 ginta
535 1687 667 1737 marcas
681 1666 757 1738 auri
774 1674 974 1759 componat,
989 1686 1138 1759 quarum
1159 1665 1275 1738 media
1297 1688 1376 1761 pars
1399 1687 1533 1739 camere
1548 1676 1679 1759 nostre,
1698 1668 1828 1763 reliqua

423 1811 507 1863 vero
523 1811 601 1885 pars
616 1789 728 1885 passis
742 1788 902 1883 injuriam
916 1788 1143 1882 persolvatur.
1156 1788 1214 1861 Ad
1227 1790 1331 1881 hujus
1345 1790 1461 1885 itaque
1473 1791 1581 1885 gratie
1599 1801 1712 1865 nostre
1726 1792 1829 1865 robur

422 1924 588 2009 perpetuo
604 1914 805 2003 valiturum,
823 1934 964 2008 presens
980 1912 1202 2009 privilegium
1222 1910 1294 1985 deri
1313 1922 1347 1985 et
1361 1914 1476 2007 sigillo
1488 1926 1603 1988 nostre
1615 1915 1829 1989 celsitudinis

418 2037 586 2130 jussimus
601 2036 817 2110 communiri.

470 2162 582 2253 Hujus
598 2169 715 2233 autem
733 2161 782 2233 rei
798 2170 901 2233 testes
918 2169 998 2233 sunt
1019 2186 1028 2232 ε
1050 2160 1264 2233 venerabiles
1285 2159 1431 2233 Silridus
1453 2162 1694 2253 maguntinus,
1718 2162 1828 2236 Theo·

421 2282 558 2357 dericus
570 2284 781 2357 Trevirensis
794 2283 1056 2379 archiepiscopi,
1070 2283 1187 2356 Siboto
1200 2282 1439 2377 Augustensis,
1454 2284 1630 2359 Conradus
1641 2286 1823 2381 Spirensis,

420 2407 598 2483 Conradus
610 2409 837 2503 Frisiugensis
854 2408 1021 2505 episcopi,
1038 2409 1205 2481 henricus
1218 2410 1431 2501 lantgravius
1444 2409 1646 2503 Thuringie‚
1664 2409 1826 2484 Albertus

419 2534 495 2608 dux
511 2534 678 2625 saxonie,
700 2535 915 2607 Hermannus
933 2533 1085 2606 marchio
1107 2535 1152 2607 de
1170 2534 1306 2624 Baden,
1325 2532 1499 2607 Gotlridus
1524 2543 1559 2607 et
1579 2534 1756 2609 Conradns
1777 2536 1824 2610 de

417 2657 617 2731 Hohenloch
633 2657 776 2730 comites
788 2657 999 2748 Romaniole,
1019 2677 1134 2730 comes
1154 2657 1321 2729 henricus
1338 2656 1383 2729 de
1402 2656 1646 2751 Waldenherg,
1663 2659 1823 2733 Gerlacus

417 2780 463 2855 de
479 2780 675 2874 Budingeu,
695 2779 871 2852 Gotlridus
894 2779 940 2852 de
952 2781 1179 2876 Eppenslein,
1197 2780 1378 2853 Heinricus
1395 2781 1440 2855 de
1455 2781 1633 2875 lsenburg,
1654 2783 1821 2855 Henrious

417 2904 462 2979 de
475 2905 710 3001 Buppenheim
730 2904 915 2999 imperialis
934 2905 1013 2977 aule
1031 2906 1252 2995 marscalcus,
1272 2905 1457 2977 Wernerus
1473 2903 1518 2976 de
1538 2904 1701 2977 Bolandia
1723 2907 1822 2996 ejus-

416 3029 496 3101 dem
522 3029 601 3101 aule
625 3028 774 3123 dapifer,
798 3027 976 3101 Conradus
1004 3029 1169 3123 pincerna
1198 3028 1244 3100 de
1272 3028 1547 3117 Wintarstetten,
1573 3028 1751 3123 Philippus
1775 3029 1820 3102 de

414 3151 616 3244 lloheniels,
642 3152 821 3248 Philippus
846 3152 892 3225 de
909 3151 1075 3225 Bolandia
1098 3162 1134 3225 et
1156 3151 1335 3247 Philippus
1362 3150 1407 3225 de
1430 3150 1675 3244 Wallenstein,
1703 3162 1738 3225 et
1762 3154 1820 3227 alii

414 3277 647 3371 quamplures.

462 3398 549 3472 Acta
577 3408 659 3472 sunt
685 3398 752 3473 hec
774 3421 867 3473 anno
886 3400 1060 3473 dominice
1080 3398 1324 3472 incarnationis
1348 3398 1395 3470 M.
1411 3396 1473 3469 CC.
1504 3395 1676 3471 tricesimo
1705 3408 1819 3489 sexto,

413 3543 533 3596 mense
546 3524 644 3615 julii,
663 3544 754 3596 nona
775 3523 981 3611 indictione,
1005 3526 1196 3619 imperante
1219 3523 1359 3595 domino
1374 3520 1546 3595 Friderico
1570 3523 1738 3613 secundo,
1759 3526 1820 3599 Dei

413 3646 523 3741 gratia
539 3648 771 3721 Romanorum
788 3646 992 3743 imperatore
1007 3668 1142 3743 semper
1158 3656 1320 3741 augusto,
1336 3646 1522 3719 Jerusalem
1540 3654 1575 3719 et
1592 3646 1706 3719 Sicilia
1722 3668 1817 3742 rege,

413 3772 557 3843 Romani
579 3772 713 3866 imperii
739 3772 815 3864 ejus
837 3794 929 3846 anno
954 3772 1064 3861 xvh,
1082 3771 1181 3864 regni
1204 3792 1288 3843 vero
1308 3772 1383 3864 ejus
1402 3770 1517 3843 Sicilie
1542 3771 1714 3844 tricesimo
1735 3793 1819 3867 sep-

412 3897 496 3969 timo
514 3893 579 3991 (a),
594 3895 749 3968 feliciter.
768 3895 893 3967 Amen.

460 4022 583 4094 Datum
602 4018 697 4115 apud
713 4019 919 4112 Augustam,
940 4040 1045 4107 anno,
1062 4038 1181 4092 mense
1193 4027 1229 4090 st
1243 4016 1431 4091 indictione
1446 4016 1654 4113 prescriptis.

463 4586 694 4699 Friderious,
714 4592 974 4676 Romanorum
996 4593 1216 4701 imperator,
1241 4590 1371 4675 sorihit
1392 4590 1564 4674 officiatis
1585 4592 1625 4673 iu
1649 4616 1814 4702 quorum
1859 4619 1980 4726 “3ng

406 4721 669 4829 jurisdictione
685 4723 788 4807 hona
804 4724 944 4807 civium
960 4726 1270 4835 Maguntinorum
1289 4722 1361 4806 sita
1379 4732 1482 4819 sunt,
1503 4732 1545 4806 ut
1563 4725 1696 4808 eadem
1713 4724 1816 4810 hona
1891 4728 1957 4781 ³³³⁰·
1984 4704 1991 4729 ’

449 4906 492 4990 (a)
509 4910 631 4975 Reotlus
643 4918 743 4976 tamen
753 4931 832 4976 uoco
844 4915 960 4995 imperii
971 4916 1056 4979 XVI·
1069 4921 1098 4979 ct
1109 4916 1193 4998 requi
1206 4910 1304 4977 Sicilie
1318 4913 1457 4977 tricesimo
1470 4929 1555 4975 noco.
