4859 6359
346 745 444 807 lnior.
461 744 505 823 bt]
793 742 992 805 lllsvotlla
1015 741 1309 804 blvtoltavlca
1697 740 1756 803 eet

395 878 581 969 Henricus,
599 878 831 955 Romanorum
846 900 911 957 rex
929 878 993 952 Dei
1011 878 1120 973 gratia
1138 898 1273 973 semper
1291 890 1479 971 augustus,
1500 876 1672 952 universis
1688 878 1758 951 im-

347 1004 435 1099 perii
450 1001 615 1079 fidelibus
628 1002 789 1099 pag'nam
813 1002 905 1077 bano
929 1002 1057 1077 visuris
1072 1002 1219 1097 gratiam
1236 1024 1336 1076 snam
1354 1012 1389 1077 et
1405 1024 1507 1076 omne
1526 1004 1670 1076 bonum.
1688 1004 1760 1077 lte·

347 1127 421 1221 gali
436 1125 671 1203 munificentie
695 1126 789 1203 cedit
807 1126 855 1202 ad
872 1127 1065 1219 gloriamsi
1089 1126 1206 1221 dignis
1221 1128 1356 1201 extollit
1366 1128 1574 1220 honoribus,
1598 1128 1629 1200 si
1642 1149 1758 1203 rerum

347 1249 535 1345 amplificat
551 1250 840 1345 incrementissni
856 1228 1004 1326 cultores
1022 1250 1138 1325 lateris
1156 1258 1192 1324 et
1206 1272 1348 1325 sumum
1360 1252 1516 1325 conscios
1532 1260 1754 1325 secretorum.

348 1374 437 1446 Hinc
458 1375 552 1447 enirn
572 1374 712 1450 devotio
736 1374 881 1470 pullulat
907 1375 945 1447 iu
962 1374 1125 1468 subjectis
1149 1385 1184 1449 et
1200 1383 1347 1471 augetur
1362 1397 1528 1449 numerus
1544 1376 1581 1447 iu
1603 1376 1755 1470 devotis,

348 1498 594 1593 multiplicante
621 1496 858 1573 munificentia
885 1520 948 1596 per
973 1500 1173 1597 exemplum
1199 1499 1368 1596 quicquid
1392 1500 1505 1595 potuit
1531 1501 1760 1596 pergratiam

349 1622 545 1695 contulisse.
566 1622 651 1697 lude
671 1632 724 1697 est
743 1622 840 1718 quod
857 1634 978 1697 notum
994 1644 1071 1697 esse
1088 1624 1249 1697 volumus
1265 1624 1436 1697 universis
1453 1627 1580 1697 nostris
1598 1622 1760 1698 fidelibus

349 1755 420 1818 tam
441 1746 657 1841 presentibus
675 1768 783 1843 quarn
808 1747 936 1821 tuturis
958 1746 1054 1843 quod
1078 1746 1283 1821 constitutus
1305 1748 1343 1820 in
1369 1749 1540 1843 presentia
1563 1758 1678 1822 nostra
1703 1747 1760 1821 di·

349 1870 459 1943 lectus
491 1872 652 1968 princeps
680 1880 796 1945 noster
829 1871 977 1946 Sitridus
1009 1872 1287 1969 archiepiscopus
1314 1873 1536 1967 bioguntinus
1565 1872 1761 1947 celsitudini

349 2002 465 2067 nostre
479 1994 689 2091 supplicavit
700 2002 829 2069 attente
842 2004 882 2069 ut
892 1994 1112 2071 donationem
1126 2005 1162 2070 et
1177 1997 1432 2070 concessionem
1447 1997 1661 2093 principatus
1673 1998 1763 2071 Lau·

349 2118 509 2191 rissensis
528 2119 671 2197 ecclesie
686 2140 767 2193 oum
785 2119 881 2195 omni
896 2120 1039 2215 bonore,
1059 2120 1211 2215 vasallis,
1233 2120 1524 2211 ministerialibus,
1546 2120 1679 2211 castris,
1697 2140 1762 2216 op·

350 2241 462 2339 pidis,
483 2243 729 2338 proventibus,
748 2242 887 2337 juribus
905 2252 940 2318 et
962 2244 1177 2341 pertinentiis
1190 2244 1277 2337 suis,
1295 2243 1471 2321 adomiuo
1486 2253 1522 2315 et
1535 2253 1630 2339 patre
1646 2254 1762 2319 nostro

350 2365 523 2440 Friderico
540 2367 766 2441 invictissimo
781 2368 1014 2456 Rornanorum
1031 2370 1235 2465 imperatore
1249 2390 1385 2465 semper
1399 2377 1559 2463 augusto,
1575 2370 1763 2443 lerusdem

351 2500 386 2564 et
409 2490 524 2565 Sicilie
546 2513 650 2587 rega,
676 2492 778 2566 nobis
802 2494 1022 2592 presentibus
1050 2503 1085 2567 et
1114 2493 1424 2585 consentientibus,
1449 2491 1669 2587 laudabiliter
1696 2493 1764 2566 sibi

350 2617 476 2690 laetam
493 2626 529 2689 et
544 2616 688 2691 ecclesie
707 2618 908 2712 Moguntins
929 2616 1002 2715 (l),
1024 2618 1141 2691 denuo
1161 2628 1269 2692 ratam
1286 2617 1416 2690 babere
1433 2628 1467 2689 et
1485 2638 1690 2689 conservare
1712 2618 1768 2689 iu·

350 2740 557 2843 violabiliter
580 2740 798 2817 deberemus.
817 2742 886 2817 Nos
913 2743 1019 2838 igitur
1043 2742 1258 2817 attendentes
1282 2752 1381 2837 grata
1398 2741 1563 2836 obsequia
1584 2764 1655 2836 que
1675 2741 1767 2816 dicta

352 2866 496 2940 ecclesia
518 2865 721 2959 Mogontina
740 2869 841 2941 nobis
861 2876 895 2941 et
920 2868 1198 2963 progenitoribus
1218 2867 1344 2939 nostris
1364 2866 1517 2939 noscitur
1536 2866 1763 2961 impendisse,

353 2989 612 3065 considerantes
633 2992 738 3066 etiam
753 2992 896 3065 servitia
914 2992 1031 3065 debita
1054 2992 1286 3087 imperioque
1308 3012 1373 3085 per
1392 2990 1628 3092 impotentiam
1649 3012 1770 3064 mona·

353 3116 447 3189 sterii
468 3115 646 3189 memorati
667 3116 700 3189 ei
720 3116 889 3190 hactenus
912 3126 994 3189 sunt
1019 3115 1210 3207 subtracta,
1234 3136 1298 3213 per
1317 3114 1448 3187 dictum
1470 3112 1768 3210 archiepiscopum

353 3248 388 3313 et
401 3260 616 3314 successores
638 3241 714 3334 ejus
736 3261 838 3337 posse
853 3262 1005 3335 congrue
1027 3239 1203 3332 exhiberi,
1226 3240 1481 3312 concessionem
1495 3247 1530 3312 et
1549 3237 1769 3312 donationem

353 3364 543 3461 predictam
565 3372 729 3459 tanquam
748 3364 794 3437 de
809 3386 952 3438 assensu
973 3372 1089 3438 nostro
1108 3364 1233 3437 lactum
1258 3372 1366 3437 ratam
1387 3362 1574 3455 habentes,
1599 3363 1769 3458 presentis

353 3489 480 3583 regalis
497 3488 624 3584 pagine
645 3490 820 3562 sancimus
843 3488 957 3562 edicto
976 3497 1148 3583 quatenus
1171 3488 1266 3561 nulla
1283 3508 1429 3583 persona
1444 3488 1513 3560 alta
1527 3488 1585 3560 vel
1607 3487 1767 3579 humilis,

354 3614 583 3687 ecclesiastica
610 3614 668 3687 vel
686 3613 880 3705 mundana,
900 3612 933 3687 ei
956 3636 1044 3687 ausu
1064 3614 1244 3687 temerario
1269 3612 1438 3687 contraire
1458 3622 1645 3707 presumat.
1669 3610 1770 3698 Quod

355 3738 480 3834 siquis
498 3714 729 3827 attentaverit,
749 3748 862 3834 preter
879 3737 1153 3833 indignationem
1167 3759 1274 3833 quam
1292 3758 1340 3809 ex
1356 3737 1423 3810 hoc
1440 3736 1581 3828 incidet,
1597 3738 1770 3833 quinqua·

356 3863 453 3956 ginta
483 3862 588 3937 libras
614 3864 689 3937 auri
711 3885 749 3936 se
777 3863 913 3937 noverit
938 3864 1232 3959 compositurum,
1259 3884 1408 3957 quarum
1434 3860 1653 3934 medietatem
1679 3861 1774 3935 curie

357 3997 485 4081 nostre,
507 3990 648 4061 alteram
666 4008 749 4060 vero
766 3988 854 4083 parti
871 4008 972 4082 passe
989 3986 1150 4079 injuriam
1167 3988 1331 4059 volumus
1349 3984 1524 4082 applicari.

404 4113 522 4185 Testes
541 4112 646 4205 hujus
664 4110 932 4184 confirmationis
950 4122 1065 4184 nostre
1090 4120 1171 4183 sunt
1191 4136 1200 4182 ε
1223 4112 1264 4182 Β.
1285 4108 1478 4206 patriarcba
1496 4106 1768 4205 Aquilegiensis,

358 4236 397 4308 Ε.
417 4235 677 4330 Salzburgensls
695 4234 992 4331 archiepiscopus,
1010 4235 1052 4306 Η.
1077 4234 1348 4329 Herbipolensis,
1368 4233 1408 4304 E.
1427 4232 1707 4329 Bambergensis,
1732 4234 1768 4305 S.

358 4358 614 4431 llatisbonensis
640 4358 826 4453 imperialis
850 4358 928 4431 aule
954 4357 1198 4449 cancellarius,
1229 4356 1409 4429 Heinricus
1432 4356 1709 4447 Wormatiensis,
1731 4354 1770 4427 C.

360 4482 585 4577 Frisingensie
605 4482 782 4580 episcopi,
808 4482 917 4556 abbas
942 4482 1056 4556 Sancti
1082 4478 1187 4571 Galli,
1212 4482 1383 4574 Saxonie,
1403 4479 1572 4572 bleranie,
1596 4480 1774 4553 Karinthie

370 4732 1391 4747 -C-O--n--u———n—-ffl-ffl-—O
1397 4731 1767 4747 —o—-on—m-u--Unfl

398 4892 434 4967 tl)
452 4891 493 4953 cl.
508 4907 601 4975 supra,
613 4908 642 4969 p.
657 4896 709 4953 tte
725 4900 753 4952 et
765 4909 841 4969 seqq.
