4859 6359
414 742 512 802 aaa.
530 743 576 819 a]
863 737 1059 802 ulsronra
1084 739 1379 806 orruouarrca.
1765 744 1825 807 ost

414 872 669 983 attemptavit,
693 871 927 982 quibusdam
948 871 1184 983 principibus
1201 887 1243 959 et
1257 875 1467 962 baronibus
1485 877 1535 958 ad
1558 901 1598 958 se
1616 903 1684 984 per
1700 903 1825 986 ponu-

412 1007 518 1088 niam
543 1005 749 1089 inclinatis.
773 1007 945 1089 chronio.
964 1010 1183 1118 Euplord„
1203 1011 1362 1115 Ibidem,
1387 1021 1416 1093 t.
1438 1011 1486 1118 ll,
1509 1037 1549 1119 p.
1571 1011 1826 1093 594.-1n-

412 1140 534 1249 ooepit
550 1139 751 1222 Heinricus
773 1163 840 1222 rex
866 1165 1057 1249 opponere
1074 1167 1117 1225 se
1134 1141 1222 1225 totis
1239 1143 1384 1226 viribus
1410 1143 1509 1251 patri
1537 1167 1608 1225 suo
1638 1142 1827 1226 Friderioo

411 1271 672 1358 Romanorum
693 1271 928 1381 imperatori.
949 1272 1170 1360 Offenderat
1186 1275 1289 1359 enim
1308 1277 1347 1358 in
1366 1276 1497 1358 multis
1520 1285 1667 1384 patrem
1687 1301 1825 1384 suum,

412 1415 449 1488 et
477 1403 519 1486 in
544 1403 621 1487 hoo
648 1403 816 1486 maxime
842 1405 948 1514 quod
978 1405 1258 1491 nobilissimam
1294 1418 1511 1491 matronam
1546 1407 1826 1518 Margaretbam

411 1537 614 1648 oonjugem
633 1563 761 1644 suam,
780 1536 941 1619 illustris
961 1538 1070 1620 ducis
1092 1537 1269 1624 Austriae
1286 1539 1425 1648 filiam,
1445 1542 1617 1626 deserere
1643 1541 1763 1626 voluit
1789 1551 1827 1624 et

411 1671 485 1756 sibi
503 1697 700 1756 assumere
717 1697 888 1755 sororem
910 1671 1012 1784 regis
1029 1671 1234 1757 Bohemiae
1252 1674 1329 1786 (l).
1351 1675 1493 1758 Timuit
1510 1702 1602 1788 ergo
1620 1685 1766 1784 patrem
1785 1677 1824 1758 in

411 1805 543 1888 multis
571 1831 671 1916 quae
697 1803 838 1888 isserat
864 1815 902 1889 et
928 1802 1070 1888 suebat
1096 1832 1186 1890 eum
1219 1833 1261 1890 se
1282 1833 1473 1918 gravasse.
1504 1805 1552 1890 Et
1578 1807 1663 1890 ideo
1690 1808 1827 1890 institit

410 1965 478 2024 rex
502 1939 684 2023 omnibus
710 1940 837 2024 modis
866 1939 1031 2050 qualiter
1055 1939 1275 2051 imperatori
1300 1943 1403 2028 viam
1430 1939 1668 2052 ingrediendi
1695 1943 1826 2026 Theu-

409 2071 557 2156 toniam
581 2073 856 2182 praecluderet.
883 2073 1101 2182 Assumptis
1123 2074 1204 2158 suis
1225 2073 1522 2182 oonsiliariis,...
1549 2071 1728 2184 poscebat
1745 2073 1825 2156 ob-

410 2204 511 2288 sides
529 2230 555 2286 a
571 2209 652 2288 suis
668 2204 885 2288 uumfibus
906 2214 951 2288 ut
967 2231 1036 2314 per
1052 2207 1221 2290 hoosibi
1243 2207 1417 2292 resistere
1438 2217 1475 2290 et
1498 2207 1598 2316 patri
1621 2207 1826 2290 adhaerere

410 2363 488 2421 non
510 2347 667 2448 possent
688 2336 765 2448 (2).
785 2337 873 2421 Dati
896 2348 987 2422 sunt
1007 2339 1043 2422 ei
1064 2339 1195 2449 itaque
1214 2339 1368 2424 obsides
1397 2340 1448 2424 ab
1475 2337 1668 2449 aliquibus
1689 2339 1825 2422 civita-

410 2469 528 2555 tibus.
543 2474 677 2556 aaut.
700 2477 894 2580 Womot„
908 2471 1061 2570 Ibidem,
1080 2480 1112 2554 t.
1132 2472 1182 2579 Π,
1199 2499 1238 2581 p.
1264 2471 1821 2558 178.-cf.ntuor.llooteu.

410 2615 609 2688 uouusbr.
630 2603 912 2716 (Ebersbeim),
932 2603 1090 2704 Ibidem
1112 2617 1143 2688 t.
1164 2605 1234 2712 111,
1254 2631 1294 2715 p.
1317 2607 1455 2689 50-51.

661 2923 1237 2936 -n———uun-—n--o-——n
1242 2925 1288 2933 -ma
1292 2925 1411 2934 auno—‹0-
1416 2925 1428 2932 -
1433 2924 1468 2931 --·
1475 2923 1496 2931 ⁸-
1501 2923 1512 2932 ⁴
1517 2921 1576 2932 -u-n-

461 3210 667 3317 Henrieus,
686 3211 948 3296 Romanorum
967 3235 1051 3319 rex,
1071 3209 1220 3294 civibus
1240 3207 1548 3293 Erfonliensibus
1566 3207 1710 3318 gratiae
1732 3231 1824 3290 suae
1871 3228 2003 3326 &2332

411 3343 626 3428 reformatis
647 3353 686 3427 et
709 3371 733 3427 a
759 3342 1047 3454 proscriptionis
1073 3342 1260 3427 sententia
1291 3341 1477 3425 absolutis
1495 3340 1607 3452 juro,
1631 3339 1823 3424 libertates
1851 3337 1876 3380 ¹¹
1892 3295 2032 3392 'affl'-

411 3485 448 3560 et
462 3477 628 3563 honores
645 3477 787 3588 quibm
804 3478 991 3562 baomnus
1008 3485 1100 3561 sunt
1117 3475 1259 3588 gavisi,
1279 3475 1436 3560 innovat
1452 3483 1491 3557 et
1507 3471 1721 3557 confirmat.

491 3692 589 3772 (Edit.
600 3711 651 3772 ap.
665 3694 787 3769 Lauro,
801 3689 1000 3773 manen,
1010 3699 1035 3756 t.
1049 3693 1131 3768 xlv,
1142 3709 1175 3770 p.
1190 3691 1676 3766 ⁴21.-mermn‚11nur.
1691 3706 1747 3750 nou
1759 3688 1826 3748 Er-

517 3797 601 3880 surt,
616 3807 638 3864 t.
655 3803 682 3875 1,
696 3817 727 3880 p.
744 3799 810 3880 st.)

457 3988 643 4080 Hannone,
669 3988 732 4061 bei
759 3988 869 4082 gratia
888 3987 1122 4061 Romanorum
1144 4007 1208 4062 rex
1228 3995 1264 4060 ot
1279 4007 1416 4082 semper
1433 3996 1619 4078 augustus,
1645 3991 1711 4055 ete.
1727 3981 1824 4054 Siout

410 4121 541 4209 spectat
553 4112 600 4187 ad
620 4113 757 4186 culmen
775 4112 872 4206 regio
884 4111 1074 4205 maJestatis
1098 4110 1243 4184 rebelles
1267 4119 1302 4184 et
1323 4117 1542 4183 contumaces
1563 4107 1736 4202 quoslibet
1760 4125 1824 4201 pro

411 4235 611 4309 excessibus
623 4245 659 4311 et
673 4236 937 4310 enormitatibus
948 4235 1055 4310 suisa
1065 4236 1144 4328 jure
1155 4236 1298 4330 suisque
1305 4231 1448 4328 justitiis
1461 4233 1642 4327 repeller03
1662 4230 1710 4302 ita
1723 4229 1822 4302 decet

411 4356 553 4433 devotos
570 4367 606 4433 et
622 4363 823 4434 reformatos
840 4361 950 4455 gratie
962 4380 1026 4434 suo
1033 4359 1104 4452 juri
1123 4359 1252 4455 pariter
1266 4367 1301 4432 ot
1313 4357 1436 4432 honori
1454 4379 1495 4431 ao
1511 4355 1582 4428 suis
1591 4353 1740 4449 justiciis
1750 4373 1821 4425 res-

444 4664 481 4738 (t)
498 4665 579 4736 Quod
592 4681 629 4724 ne
640 4665 726 4738 bunt,
742 4667 856 4726 aniliter
865 4668 1030 4728 mutuabit
1043 4666 1181 4727 mos
1191 4665 1279 4726 abbas
1295 4665 1387 4726 saneti
1404 4663 1484 4722 nuli.
1498 4662 1539 4721 u.
1557 4661 1641 4722 Coun
1663 4677 1700 4720 nn
1720 4661 1820 4720 Pura.
1844 4695 1846 4700 -

413 4776 454 4835 op.
467 4763 570 4835 Ριιπ,
582 4765 708 4824 uuam.
722 4763 814 4825 Gara.
828 4765 937 4837 saue..
950 4772 972 4823 t.
984 4766 1020 4840 ΙΙ,
1033 4783 1063 4841 p.
1078 4769 1141 4826 lto.

444 4858 479 4933 (Ξ)
498 4859 540 4917 (¹1.
553 4876 646 4935 supra,
658 4879 686 4936 p.
703 4864 756 4920 527
767 4869 796 4921 et
807 4869 865 4922 not.
879 4868 906 4921 l.
