4859 6359
1022 689 1149 749 tabat
1173 688 1522 751 bocbiiiiiiioittiii.

986 1022 1081 1078 tentes
1099 1017 1212 1078 litteras
1230 1018 1408 1095 nmmupto
1425 1016 1588 1079 litterarum
1602 1016 1796 1095 lmparlallam
1810 1018 1975 1081 consimiles

985 1113 1165 1174 lnlranalua
1177 1115 1288 1174 nnis
1302 1116 1431 1191 spetlum
1442 1114 1655 1175 transmittant.
1829 1123 1899 1189 ⁴9⁰,
1915 1125 1969 1177 491

877 1249 886 1268 .
947 1240 987 1255 -
1006 1208 1135 1287 Singulis
1159 1208 1352 1271 Alamanniae
1371 1209 1555 1287 principibus
1575 1208 1698 1271 maniat
1718 1216 1754 1271 ut
1774 1210 1813 1271 ad
1842 1210 1974 1273 subven-

986 1304 1096 1363 tionem
1113 1302 1261 1363 &oleum
1274 1319 1306 1363 se
1319 1306 1456 1364 muniant
1473 1310 1504 1363 et
1515 1319 1584 1365 cum
1597 1304 1704 1365 mllltla
1721 1304 1759 1364 ati
1771 1304 1904 1381 ejusden
1920 1304 1974 1366 ob-

986 1402 1090 1475 sequia
1102 1416 1154 1476 per
1171 1404 1233 1459 tres
1246 1416 1362 1461 menses
1375 1406 1526 1461 moratura
1540 1402 1572 1461 in
1588 1398 1690 1462 laturo
1708 1402 1815 1461 mortio
1833 1418 1973 1479 persona

986 1495 1053 1555 llter
1063 1495 1216 1557 accedent.
1685 1506 1756 1571 tit,
1772 1506 1843 1571 ⁵1⁴,
1860 1504 1924 1559 not.
1942 1508 1971 1561 1.

760 1593 885 1655 Peruslb
945 1621 986 1636 -·
1005 1589 1151 1651 Omnibus
1162 1591 1345 1668 principibus
1362 1609 1415 1669 par
1434 1594 1590 1671 imperium
1607 1596 1775 1655 constitutis
1793 1596 1918 1656 mandat
1938 1602 1974 1657 ut

984 1686 1145 1747 llenmcam
1157 1687 1253 1747 illlum
1266 1688 1407 1750 Frldertcl
1420 1688 1619 1749 Romanorum
1635 1691 1820 1767 imperatoris
1832 1691 1871 1751 ad
1883 1694 1973 1752 ractl·

983 1782 1095 1843 tadlnle
1107 1784 1244 1843 semitam
1261 1782 1420 1855 reducant,
1434 1788 1465 1843 et
1475 1785 1642 1860 iuramenta
1654 1800 1731 1863 quae
1743 1784 1838 1845 adem
1850 1784 1972 1863 qnidam

983 1880 1516 1956 praestiteruntirrltacaaedecernit.
1912 1890 1969 1942 330

759 1981 882 2042 Perneil.
944 2010 984 2023 -
1003 1978 1148 2055 Episcopo
1160 1979 1367 2054 aaesponemi
1379 1977 1502 2041 mandat
1514 1984 1549 2039 ut
1563 1976 1803 2055 lierblpolensam
1816 1978 1973 2056 mangua-

983 2080 1098 2135 tensam
1115 2076 1267 2150 episcopos
1283 2074 1479 2151 abbatemque
1495 2074 1673 2135 Fnldeneem
1687 2076 1740 2151 qul
1759 2076 1821 2153 regi
1841 2075 1969 2135 ilenrico

981 2174 1118 2249 nequiter
1129 2171 1342 2240 sommant,
1357 2186 1471 2231 necnon
1487 2170 1563 2233 riuos
1574 2170 1797 2247 Herblpolmsee
1812 2172 1969 2232 mnonlcos

982 2270 1035 2344 qul
1061 2268 1263 2329 bicdlolenam
1286 2274 1389 2327 contm
1414 2270 1620 2344 imperatorem
1645 2270 1779 2349 iverunt,
1801 2266 1840 2327 ati
1863 2266 1969 2329 Sedcm

982 2364 1471 2441 Apostollcamvenlrecompcllet.
1910 2371 1964 2423 tti

871 2505 880 2522 .
942 2490 983 2505 -
1001 2460 1113 2537 Regem
1125 2458 1307 2521 Francorum
1325 2465 1425 2531 monet
1442 2476 1481 2519 ne
1499 2461 1532 2519 ln
1550 2457 1649 2538 aliquo
1665 2458 1800 2519 turbetur
1818 2460 1970 2519 ocmslone

982 2558 1162 2616 matrimonii
1180 2558 1257 2615 inter
1273 2555 1454 2616 Frlderlcum
1471 2557 1677 2633 imperatorem
1696 2561 1726 2615 et
1742 2570 1871 2615 sororem
1889 2556 1967 2633 regis

981 2650 1103 2729 llngllae
1115 2652 1307 2711 contrahendi
1312 2693 1322 2725 ,
1337 2666 1429 2728 qaum
1444 2651 1523 2711 ldem
1539 2654 1697 2728 imperator
1715 2650 1834 2713 allactet
1850 2656 1885 2711 ut
1902 2666 1969 2727 spe-

981 2748 1063 2808 cialis
1073 2750 1150 2808 inter
1162 2764 1194 2807 se
1205 2753 1235 2808 et
1247 2749 1345 2825 ipsum
1355 2761 1455 2825 wem
1465 2748 1648 2809 Francorum
1660 2748 1790 2807 amidae
1799 2754 1968 2824 permaneat

980 2850 1012 2905 et
1023 2845 1113 2904 ctiam
1124 2844 1291 2921 amplietur.
1812 2850 1892 2916 336,
1909 2850 1964 2903 337

873 2990 884 3009 ,
941 2972 983 2985 -
1001 2942 1186 3018 Principlbns
1198 2941 1394 3003 Alamanniae
1407 2938 1530 3001 mandat
1547 2946 1582 3003 ut
1593 2955 1688 3019 quum
1699 2939 1855 3001 concordie
1873 2938 1965 3001 chris·

979 3039 1053 3098 tlanl
1065 3038 1166 3115 popab
1178 3040 1218 3099 sit
1230 3040 1349 3117 negotio
1357 3038 1465 3099 Terrae
1473 3036 1598 3097 Sanctae
1609 3037 1752 3115 perutilis,
1760 3038 1966 3113 imperatorem

980 3132 1093 3194 adhoc
1113 3134 1256 3194 inducant
1277 3134 1357 3212 quod
1379 3134 1453 3210 lpse,
1476 3132 1608 3209 deposito
1629 3132 1710 3192 omnl
1730 3132 1763 3191 ln
1783 3129 1966 3192 lumbardos

978 3240 1114 3303 rancore,
1126 3232 1278 3309 megetiam
1296 3230 1441 3291 meeum
1458 3228 1700 3309 lomberdlacin
1712 3226 1848 3289 manibus
1860 3228 1965 3289 Eccle-

979 3329 1040 3387 siae
1053 3330 1180 3404 praeclse
1191 3330 1298 3389 lterum
1310 3342 1419 3405 ponere
1431 3342 1492 3387 non
1506 3327 1633 3387 omlttat.
1907 3332 1963 3384 733

870 3470 880 3490 .
940 3458 981 3469 -·
1000 3427 1142 3505 Magistro
1166 3432 1197 3489 et
1222 3426 1363 3487 iratribus
1389 3425 1542 3503 hospitalia
1567 3423 1751 3485 ibunsmcm
1776 3422 1898 3483 mandat
1930 3428 1966 3483 ut

978 3520 1080 3599 balaio
1105 3528 1136 3583 et
1156 3524 1255 3601 legato
1280 3522 1419 3583 Friderlcl
1444 3522 1627 3601 imperatoris
1649 3522 1681 3581 ln
1705 3518 1839 3597 partibus
1862 3518 1965 3596 Syriae

978 3619 1134 3679 consiliam
1151 3625 1182 3679 et
1204 3618 1350 3679 auxillum
1368 3618 1540 3695 praebcant,
1555 3624 1585 3677 et
1602 3616 1731 3677 iohanni
1748 3616 1786 3677 dc
1799 3614 1910 3677 ibelino
1929 3630 1964 3675 ac

976 3714 1199 3777 Acconensibus
1223 3718 1336 3793 Tyrum
1359 3714 1493 3777 obsidere
1512 3712 1767 3792 praesumentibus
1788 3728 1821 3773 se
1843 3710 1965 3771 viriliter

975 3819 1136 3891 opponant.
1905 3816 1963 3868 336

752 3912 879 3973 Perasll.
937 3940 979 3955 -
996 3909 1142 3985 Episcopo
1164 3908 1368 3985 Retisponenal
1394 3906 1516 3967 mandat
1539 3910 1574 3967 ut
1593 3904 1720 3985 ilenrlco
1740 3902 1803 3963 llllo
1822 3902 1964 3963 Frlderlcl

976 4008 1163 4083 imperatorie
1175 4005 1214 4066 ab
1227 4004 1445 4083 archiepiscopo
1458 4002 1684 4081 seizcbmgense
1696 4002 1961 4075 excommunicato,

977 4119 1047 4164 cam
1067 4104 1107 4163 sit
1121 4103 1160 4163 ati
1183 4104 1276 4179 patris
1296 4104 1420 4179 gratim
1434 4104 1499 4178 jam
1520 4114 1669 4170 maenus,
1688 4097 1846 4159 sufficienti
1868 4096 1906 4157 ab
1927 4112 1962 4155 co

976 4200 1112 4259 motione
1129 4205 1255 4275 recepta,
1268 4196 1442 4257 benclluum
1454 4196 1646 4257 memunonis
1658 4193 1821 4271 impendat.
1903 4199 1961 4252 133

755 4295 869 4359 amsa
937 4328 976 4342 -
996 4296 1179 4357 Friderlcum
1197 4297 1401 4373 imperatorem
1425 4300 1526 4355 monet
1544 4292 1709 4370 terquinos
1728 4290 1806 4351 lilios
1828 4290 1880 4365 qul
1901 4303 1962 4348 non

976 4392 1086 4453 vellent
1102 4392 1265 4453 Ecclesiam
1286 4392 1410 4468 lmpcrlo
1430 4392 1525 4463 anld,
1545 4388 1674 4450 occultas
1695 4400 1830 4463 spargere
1850 4385 1962 4443 litteren

976 4504 1052 4566 quas
1075 4486 1113 4548 (le
1134 4488 1312 4549 conscientie
1334 4488 1442 4547 summi
1464 4484 1610 4563 pontilicis
1629 4480 1808 4542 mendaciter
1828 4482 1962 4561 asserunt

976 4600 1129 4657 manare,
1142 4583 1215 4644 dum
1232 4583 1411 4643 collaterales
1432 4581 1613 4658 imperatoris
1629 4578 1742 4639 litteren
1753 4590 1871 4655 quoquc
1888 4572 1961 4633 dlri-

975 4678 1368 4758 gantqulbuspaxturbarl
1381 4679 1483 4755 possit.
1902 4675 1956 4728 iit

861 4818 871 4839 .
936 4809 977 4821 -
996 4776 1143 4839 Frltlerlco
1154 4776 1355 4837 Romanorum
1372 4774 1540 4851 imperatori
1558 4772 1676 4833 nuntiat
1688 4766 1770 4847 quoti
1781 4780 1849 4829 cum
1864 4763 1958 4826 Theo·
