4859 6359
407 782 507 842 imm.
526 772 586 857 itt]
853 772 1050 833 HISTORIA
1076 768 1369 833 clodomrius.
1754 764 1814 827 927

408 909 482 1005 pari
501 916 538 982 et
553 906 702 1002 gratuita
728 905 907 979 voluntate
923 905 960 978 in
982 904 1175 978 remedium
1201 903 1393 975 animarum
1414 920 1555 973 suerum
1574 899 1619 973 de
1644 908 1811 973 consensu

408 1030 640 1125 legitimorum
656 1026 826 1102 heredum
842 1049 984 1101 suorum
1003 1029 1222 1101 contulerunt
1242 1046 1304 1121 per
1320 1041 1445 1097 manus
1466 1022 1635 1096 salmanni
1653 1024 1816 1097 fratribus

407 1150 585 1247 hospitalis
603 1151 727 1223 Sancte
741 1150 847 1226 llarie
862 1148 989 1225 domus
1005 1149 1293 1223 'theutonicorum
1312 1148 1348 1218 in
1363 1146 1610 1235 Nuoerinberc,
1626 1146 1718 1221 bona
1734 1170 1811 1241 sua,

406 1274 569 1348 videlicet
593 1273 774 1364 macellos,
801 1282 935 1365 curtes,
960 1281 995 1346 et
1022 1273 1088 1346 alia
1114 1293 1184 1367 que
1207 1270 1448 1367 possidebunt,
1473 1270 1538 1343 sita
1560 1270 1648 1344 inira
1672 1284 1813 1345 stratam

407 1396 582 1493 publicam
606 1406 641 1469 et
659 1396 838 1469 ecclesiam
863 1397 975 1470 Sancti
998 1396 1155 1469 Mauricii
1176 1395 1277 1489 pleno
1298 1396 1377 1486 jure
1401 1403 1564 1489 perpetuo
1589 1396 1812 1490 possidenda.

406 1522 480 1594 Tali
502 1520 623 1594 addita
649 1520 846 1593 conditione
871 1530 910 1593 ut
932 1520 1038 1593 iidem
1058 1521 1276 1592 Hermannus
1299 1528 1334 1590 et
1359 1538 1449 1589 uxor
1468 1522 1543 1611 ejus
1564 1518 1667 1591 ambo
1690 1522 1815 1615 pariter

407 1646 463 1719 vel
479 1646 564 1719 alter
581 1644 745 1740 ipsorum,
767 1652 846 1741 post
868 1645 1001 1719 obitum
1021 1644 1175 1733 alterius,
1194 1642 1231 1715 in
1250 1642 1369 1737 vigilia
1385 1640 1581 1715 Nativitatis
1598 1642 1720 1715 Christi
1736 1645 1815 1716 sin-

408 1770 499 1863 gulis
522 1768 623 1843 annis
644 1767 764 1863 quoad
788 1769 942 1842 vixerint
963 1768 1086 1841 libram
1108 1790 1214 1840 unam
1238 1766 1565 1861 Nuoeriubergensis
1590 1778 1727 1841 monete
1749 1790 1816 1843 no·
1971 1772 1972 1777 ’

409 1893 501 1965 mine
525 1914 649 1966 census
671 1892 717 1965 de
740 1892 824 1989 ipsis
847 1892 948 1966 honis
971 1894 1105 1966 solvere
1124 1891 1273 1966 debeant
1296 1890 1459 1963 iratribus
1479 1894 1690 1983 memoratis,
1712 1894 1815 1967 nullis

407 2036 527 2089 eorum
542 2014 744 2108 heredibus,
763 2037 852 2111 quos
867 2037 961 2089 nunc
985 2014 1113 2089 habent
1128 2016 1184 2087 vel
1199 2014 1422 2110 impostorum
1438 2014 1638 2107 habuerint,
1658 2016 1706 2090 ad
1722 2014 1816 2090 dictu

408 2140 499 2212 bona
520 2140 591 2213 uilo
607 2148 761 2235 tempore
782 2140 1006 2213 successuris.
1028 2137 1130 2225 Quod
1157 2138 1187 2209 si
1210 2138 1296 2211 alter
1319 2158 1438 2209 eorum
1462 2148 1540 2233 post
1562 2136 1741 2213 decessum
1766 2140 1816 2214 al·

410 2260 517 2335 torius
545 2260 592 2335 ad
618 2260 789 2335 secundas
817 2262 956 2357 nuptias
984 2262 1202 2344 convolaret,
1232 2268 1363 2333 extunc
1388 2258 1575 2356 prescripta
1600 2262 1691 2335 bona
1720 2266 1816 2338 nullo

410 2385 524 2459 medio
543 2385 719 2460 mediante
742 2386 887 2459 transire
909 2387 1038 2460 debent
1054 2386 1102 2461 ad
1120 2386 1242 2458 iratres
1264 2392 1298 2457 et
1320 2382 1413 2457 idem
1443 2384 1622 2481 hospitale,
1648 2384 1756 2461 libera
1784 2401 1819 2463 et

409 2510 532 2583 soluta.
558 2510 630 2583 Hec
652 2510 771 2605 itaque
796 2519 900 2606 prout
921 2532 1036 2583 coram
1053 2509 1155 2583 nobis
1177 2516 1273 2599 acta,
1293 2508 1461 2580 conscribi
1479 2508 1622 2581 fecimus
1646 2521 1681 2583 et
1705 2512 1818 2605 sigilio

409 2641 524 2706 nostre
541 2632 755 2707 celsitudinis
768 2632 934 2706 roborari.

458 2758 569 2851 liujus
593 2759 699 2855 igitur
714 2758 765 2831 rei
784 2767 888 2831 testes
908 2766 989 2832 sunt
1013 2784 1022 2829 ε
1047 2758 1227 2831 conradus
1246 2756 1422 2853 quondam
1440 2758 1604 2831 scultetus
1622 2759 1736 2833 dictus
1757 2762 1819 2832 Bi-

409 2890 525 2975 genos,
548 2935 607 2955 ...
629 2860 784 2955 minister
801 2882 847 2956 de
863 2881 1080 2979 lincedorpi,
1100 2881 1320 2957 Eberhardus
1341 2882 1522 2974 scultetus,
1549 2880 1683 2955 Ulricus
1705 2882 1818 2957 dictus

411 3005 622 3094 Turbreche‚
642 3005 847 3079 Bertholdus
865 3014 901 3079 et
922 3004 1104 3079 Cnnradus
1124 3006 1309 3089 Scutelooi‚
1328 3004 1517 3080 Volkoldus
1532 3004 1624 3079 filius
1638 3006 1813 3097 Vollcldi,

412 3130 520 3201 etalii
537 3132 772 3226 quamplures.

459 3250 584 3325 Actum
609 3253 705 3351 apud
728 3252 978 3345 Nucerinberc,
1004 3274 1097 3327 anno
1120 3252 1293 3327 dominice
1312 3254 1557 3327 incarnationis
1577 3254 1815 3346 dccxxxvi,

413 3397 530 3450 mense
545 3377 752 3467 decembris,
770 3366 815 3451 X·
830 3376 1044 3470 indictionis,
1059 3377 1214 3451 feliciter.
1235 3376 1356 3451 Amen.

622 3692 1563 3709 —n—-uu—-n-——u—-o—-o———u—--u-——n—-o
1573 3690 1599 3704 Δ

467 3984 690 4094 conradus,
728 3984 909 4068 Friderici
943 3985 1201 4071 Romanorum
1238 3988 1477 4097 imperatoris
1507 3988 1630 4097 lilius,
1663 3998 1823 4075 testetur
1885 4020 1943 4051 ιι

414 4116 633 4201 Conradum
655 4118 934 4229 butegelarium
951 4119 1000 4202 de
1015 4118 1245 4224 Nurinberc,
1267 4120 1488 4204 auctoritate
1514 4122 1631 4231 patris
1654 4124 1714 4207 sui
1734 4125 1822 4207 Fri-

412 4250 529 4332 derici
560 4261 598 4334 et
624 4277 715 4359 suu,
743 4252 932 4361 quasdam
961 4278 1069 4335 areas
1098 4252 1277 4361 hospitali
1299 4252 1460 4338 Sanctae
1485 4256 1623 4341 Mariae
1650 4256 1822 4340 Thente-

413 4382 587 4467 nioorum
616 4384 658 4466 in
688 4384 928 4497 Nuremberg
952 4386 1046 4471 olim
1072 4387 1254 4495 donatus,
1288 4414 1402 4497 super
1434 4389 1575 4499 quibus
1607 4388 1751 4473 Ulricus
1772 4392 1821 4473 de

413 4516 550 4600 Lintha
567 4530 604 4602 et
620 4518 847 4603 Reinmurus
860 4520 909 4601 de
927 4518 1144 4601 Grumbach
1162 4520 1317 4604 nomine
1335 4547 1492 4605 suarum
1505 4547 1667 4605 uxorum
1679 4548 1822 4633 quaes-

413 4650 556 4735 tionem
573 4650 790 4755 movebant,
811 4650 955 4735 eisdem
974 4650 1156 4737 struibus
1174 4655 1445 4738 sententialiter
1462 4654 1713 4765 adjudicasse.

498 4860 592 4941 (lidii.
607 4864 796 4943 aputeum
818 4865 911 4941 Boio,
924 4870 947 4925 t.
970 4865 1072 4941 XXX,
1086 4882 1155 4945 pars
1173 4874 1212 4947 t·,
1227 4882 1259 4945 p.
1285 4876 1342 4929 25³
1354 4912 1363 4942 ,
1377 4878 1412 4928 n·
1431 4842 1500 4943 its,
1524 4886 1562 4930 ex
1584 4869 1720 4950 originali
1739 4874 1826 4950 cujus
