4859 6359
578 758 638 823 aas
1096 757 1269 819 unuarcr
1293 756 1462 819 surrrur
1800 760 1881 839 [un.
1898 762 1985 827 rma

580 890 728 1001 guerris
754 890 909 1000 pnvntis
933 890 1150 994 movendis,
1176 891 1225 973 de
1251 888 1454 973 violatione
1474 898 1722 999 treugarum,
1750 893 1799 976 de
1825 906 1986 981 senten-

577 1024 640 1107 tiis
670 1023 979 1134 proscriptionis,
1006 1024 1054 1106 de
1079 1022 1243 1107 monetis
1270 1020 1378 1105 falsis
1404 1030 1442 1105 et
1472 1020 1623 1130 injustis
1647 1022 1832 1109 theloneis
1867 1054 1985 1112 amo

577 1158 730 1261 vendis,
761 1157 810 1239 de
836 1157 988 1239 damnis
1016 1180 1094 1240 non
1125 1154 1199 1237 nisi
1227 1164 1315 1264 post
1345 1163 1423 1237 tres
1458 1154 1541 1237 dies
1570 1154 1797 1265 inferendis,
1824 1160 1873 1244 de
1899 1162 1987 1270 jure

575 1422 648 1535 giis
669 1422 929 1506 observandis

653 1621 797 1701 (Edltap.
809 1621 923 1682 man.
932 1622 1125 1683 Tamuronr.
1138 1620 1247 1684 Cleon.
1258 1637 1308 1699 ap.
1323 1620 1480 1700 urnam,
1494 1619 1602 1682 nam.
1615 1619 1763 1697 tuma.
1775 1623 1855 1702 ll,p.
1871 1634 1984 1689 5⁴⁸.—

692 1728 895 1802 umam,
916 1724 1042 1801 Cuncti,
1061 1735 1086 1789 t.
1101 1728 1163 1803 111,
1180 1746 1211 1807 p.
1229 1736 1300 1789 ³50.
1314 1730 1480 1801 -Prmrz,
1495 1726 1625 1788 troam
1650 1725 1744 1790 usa.
1763 1726 1861 1806 truc,
1882 1738 1905 1795 t.
1926 1732 1981 1806 tv,

692 1852 724 1913 p.
741 1844 811 1910 301,
825 1851 864 1896 ex
877 1836 1033 1897 cubatione
1044 1836 1179 1897 codicum
1192 1836 1285 1897 Puris.
1293 1876 1304 1910 ,
1318 1835 1507 1914 Hannoren,
1521 1840 1552 1896 ct
1564 1834 1691 1897 Berolln.
1705 1836 1810 1917 neta)

620 2006 721 2081 Anno
731 2005 972 2093 mccxxxlv,
989 2006 1359 2098 tertioidusfebmarii,
1373 2006 1773 2100 constitutionesregiset
1787 2008 1982 2105 principum

572 2131 773 2206 Alemannis
793 2130 887 2227 apud
906 2129 1152 2203 Frankenvort.
1179 2131 1348 2226 Imprimis
1370 2130 1533 2204 omnibus
1555 2131 1689 2227 imperii
1705 2130 1867 2207 fidelibus
1887 2156 1932 2207 ne
1945 2134 1980 2207 in

571 2278 673 2354 reysa
686 2253 825 2351 publica
836 2253 1025 2349 procedant
1037 2255 1199 2327 omnibns
1213 2254 1326 2327 modis
1338 2254 1549 2329 inhibemus.
1564 2254 1619 2328 Ad
1628 2255 1692 2328 bec
1705 2256 1879 2329 universis
1886 2256 1980 2350 judi·

571 2380 711 2453 ciariam
732 2387 931 2473 potestatem
956 2376 1164 2451 habentibus
1188 2379 1388 2451 anctoritate
1410 2380 1504 2474 regia
1527 2379 1734 2475 precipimus
1752 2380 1917 2475 quatinus
1934 2380 1980 2455 ad

570 2500 826 2601 reprimendam
839 2501 1068 2575 hereticorum
1084 2500 1262 2598 perfidiam
1275 2511 1345 2577 toto
1360 2502 1438 2575 nisu
1449 2503 1591 2576 solerter
1601 2503 1783 2577 intendant
1795 2525 1837 2576 ac
1846 2504 1882 2577 in
1895 2505 1980 2599 justi

569 2624 943 2725 prosecutionejudicii
955 2626 1128 2721 preferant
1140 2626 1340 2721 equitatem.
1359 2627 1455 2698 Etnt
1467 2626 1705 2718 injudicando
1718 2626 1898 2721 diligentie
1912 2628 1979 2701 lor·

568 2773 661 2825 mam
676 2749 837 2823 omnibus
848 2750 1075 2845 proferamus,
1095 2770 1176 2823 ecoe
1190 2751 1227 2823 in
1242 2772 1368 2822 manns
1384 2750 1580 2845 principum
1592 2750 1813 2845 promisimus
1827 2751 1924 2846 quod
1941 2750 1979 2823 in

567 2873 722 2970 quolibet
738 2894 869 2965 mense,
888 2872 1102 2967 ubicumque
1113 2873 1303 2969 inimperio
1314 2873 1497 2966 fuerimus,
1510 2882 1660 2967 quatuor
1668 2873 1793 2947 diebus
1805 2872 1852 2947 ad
1863 2874 1979 2947 minus

566 3000 788 3098 personaliter
799 2997 1105 3093 volumnsjudicio
1118 3000 1258 3097 publice
1270 2998 1457 3095 presidere.
1475 2998 1580 3085 Quod
1599 2999 1702 3072 etiam
1716 3021 1738 3071 a
1754 3000 1910 3095 quolibet
1918 3001 1979 3093 ju·

565 3124 642 3198 dice
659 3123 731 3197 lieri
748 3123 911 3196 volumus
928 3123 1141 3219 temporibus
1153 3122 1199 3197 ad
1215 3124 1282 3197 boc
1298 3124 1492 3199 secundum
1508 3123 1768 3219 provinciarum
1792 3135 1978 3198 consueta·

566 3246 683 3321 dinem
698 3247 904 3320 constitutis.
918 3244 1020 3330 Quod
1036 3247 1065 3319 si
1085 3246 1246 3343 princeps
1261 3249 1373 3321 lacere
1392 3247 1588 3342 neglexerit
1604 3256 1641 3320 et
1656 3246 1703 3321 de
1716 3246 1783 3321 boo
1799 3248 1978 3321 mnvictus

566 3371 691 3463 fuerit,
720 3379 759 3442 ut
780 3370 891 3462 exigit
904 3370 994 3463 juris
1016 3370 1119 3463 ordo,
1147 3370 1289 3444 domino
1305 3371 1379 3465 regi
1403 3380 1542 3445 centum
1555 3371 1660 3444 libras
1676 3372 1753 3443 anri
1770 3372 1806 3443 in
1823 3370 1978 3467 pondere

564 3494 681 3567 Karoli
697 3495 880 3589 persolvet.
903 3493 1024 3568 Comes
1037 3515 1121 3567 vero
1140 3495 1197 3567 vel
1213 3496 1303 3568 alius
1324 3495 1452 3568 nobilis
1471 3494 1645 3588 judicium
1672 3494 1821 3581 habens,
1857 3496 1889 3569 si
1906 3516 1974 3568 non

562 3618 771 3712 judicaverit
779 3616 972 3691 secundnm
981 3618 1238 3713 provinciarum
1248 3617 1548 3710 consuetudinem,
1562 3617 1787 3713 dominomgi
1799 3618 1977 3715 sicutprs·

565 3740 697 3827 dictum
716 3750 769 3815 est
786 3750 925 3814 cantum
942 3762 1076 3813 marcas
1098 3742 1232 3836 urgenti
1256 3751 1450 3837 componet.
1471 3742 1556 3815 ltem
1582 3742 1713 3837 siquis
1737 3743 1843 3815 ulium
1860 3743 1976 3817 leserit

564 3867 622 3939 vel
636 3887 795 3961 guenam
809 3866 841 3939 ei
860 3866 1007 3939 moverit
1024 3866 1157 3962 absque
1174 3867 1379 3963 precedente
1396 3866 1630 3962 querimonia,
1657 3867 1688 3939 si
1703 3866 1865 3962 princeps
1877 3868 1975 3939 exti-

565 3990 658 4083 terit,
676 3999 814 4064 oentum
825 4012 958 4063 marcas
973 3992 1048 4065 nuri
1061 3992 1301 4087 regiscamsrs
1316 3991 1545 4087 presentabit;
1565 3991 1690 4065 sivero
1706 4011 1821 4063 comes
1840 3990 1897 4064 vel
1910 4011 1974 4064 no·

563 4114 644 4235 lpilis
661 4116 718 4189 vel
740 4116 808 4189 alia
829 4136 976 4211 persona
998 4115 1167 4207 extiterit,
1192 4124 1332 4187 centum
1360 4136 1493 4189 marcas
1515 4114 1647 4209 argenti
1668 4121 1864 4210 componet.
1888 4115 1974 4189 item

563 4239 746 4311 statuimus
777 4237 876 4333 quod
905 4238 1031 4333 siquis
1056 4247 1194 4332 treugas
1217 4238 1316 4312 datas
1342 4238 1542 4331 violaverit,
1567 4238 1598 4311 si
1616 4259 1696 4311 cum
1713 4238 1791 4333 ipso
1817 4238 1854 4310 in
1872 4240 1974 4333 cujus

565 4384 707 4435 manum
723 4370 844 4457 treuge
860 4362 995 4435 lucrant
1012 4360 1258 4455 compromisso
1274 4369 1398 4434 etcum
1415 4361 1553 4436 duobus
1565 4361 1644 4434 aliis
1661 4360 1887 4457 synodalibus
1910 4360 1974 4435 bo·

564 4485 718 4559 minibus
728 4493 865 4581 treugas
877 4486 1105 4559 violatasssse
1116 4484 1478 4581 convincerepotuerit
1487 4485 1659 4578 attestari,
1672 4484 1818 4558 violator
1830 4506 1973 4558 manum

563 4609 699 4705 perdat.
718 4610 803 4682 Item
826 4610 855 4682 si
874 4610 953 4704 quis
975 4606 1045 4682 fide
1063 4606 1148 4681 data
1161 4610 1358 4703 promiserit
1373 4607 1506 4704 aliquid
1522 4618 1559 4681 et
1574 4607 1758 4681 convictus
1771 4606 1876 4680 fucrit
1891 4628 1972 4681 cum

564 4732 674 4805 tribus
692 4732 915 4829 synodalibus
930 4731 1129 4806 bominibus
1152 4730 1258 4805 fidem
1275 4754 1345 4805 non
1362 4753 1535 4826 servasse,
1564 4731 1727 4808 continuo
1740 4730 1974 4829 proscribatur

563 4877 629 4930 nec
642 4879 663 4931 a
678 4856 927 4954 proscriptione
944 4856 1067 4953 poterit
1082 4856 1216 4930 absolvi
1237 4856 1305 4930 nisi
1329 4853 1513 4955 dupliciter
1534 4856 1707 4955 persolvat
1731 4856 1827 4951 quod
1845 4853 1972 4951 promi·
