4859 6359
656 727 715 789 768
1160 729 1376 792 rslnentct
1400 728 1576 790 securint
1875 726 1957 807 [Aur.
1975 727 2060 788 1235.

654 865 818 935 innovare
838 871 872 934 et
891 861 1093 938 confirmare
1117 865 1161 938 de
1189 875 1305 940 nostra
1320 866 1430 961 gratia
1446 865 1691 958 dignaremur3
1717 865 1819 957 cujus
1833 863 1950 959 scripti
1966 873 2063 936 tenor

653 985 731 1057 talis
743 993 797 1057 est
809 1010 818 1056 ι

703 1237 885 1311 Heinrions
902 1247 1039 1328 sextus,
1068 1236 1188 1312 divina
1205 1240 1344 1312 lavante
1365 1239 1543 1314 clementia
1566 1239 1799 1312 Romanorum
1825 1238 2011 1334 imperator
2023 1249 2059 1310 et

655 1382 789 1458 semper
805 1371 975 1456 augustus
996 1373 1031 1435 et
1046 1383 1110 1436 rex
1126 1361 1256 1436 Sicilie.
1286 1362 1372 1436 Cum
1397 1365 1557 1436 ecclesias
1575 1364 1637 1436 Dei
1661 1372 1697 1437 at
1719 1361 1795 1436 loca
1812 1361 1934 1436 divino
1950 1362 2056 1434 cultui

652 1486 847 1581 mancipata
862 1487 1083 1581 benignitatis
1100 1499 1215 1560 nostre
1232 1488 1353 1560 lavore
1370 1489 1554 1560 clementer
1573 1487 1778 1583 respicimus
1801 1494 1838 1560 st
1857 1485 1952 1558 viros
1972 1485 2058 1556 reli-

653 1611 768 1704 giosos
780 1610 817 1681 in
835 1610 978 1704 imperio
995 1620 1111 1684 nostro
1128 1633 1149 1684 a
1166 1611 1337 1685 theloneis
1353 1621 1414 1684 aut
1428 1611 1505 1683 aliis
1518 1609 1666 1707 publicis
1679 1609 1919 1683 exactionibus
1933 1609 2058 1680 tiberne

650 1744 685 1806 et
702 1734 877 1806 absolutos
896 1733 1152 1824 constituimus,
1174 1733 1220 1808 ad
1235 1733 1404 1828 pinsentis
1417 1735 1488 1806 vite
1500 1755 1639 1806 cursum
1653 1733 1838 1805 feliciorem
1851 1731 2055 1804 etadetemi

649 1856 772 1952 premii
788 1858 1046 1930 retributionem
1061 1857 1162 1930 nobis
1177 1857 1215 1930 id
1229 1859 1447 1953 prolaturum
1456 1879 1526 1930 uon
1534 1857 1748 1930 dubitamus.
1763 1855 1929 1929 Nouerint
1941 1856 2057 1948 itaque

650 1981 804 2054 universi
817 1981 950 2074 imperii
964 1982 1070 2054 nostri
1086 1979 1206 2054 lidelss
1219 1990 1287 2054 tam
1299 1982 1407 2053 futuri
1420 2003 1526 2076 quam
1541 1991 1717 2077 presentes
1725 1979 1823 2075 quod
1835 2001 1911 2071 nos,
1928 1979 2053 2053 intuitu

651 2103 761 2176 divini
777 2105 903 2176 amoris
922 2115 955 2178 et
973 2105 1018 2178 ob
1036 2126 1132 2202 spem
1145 2115 1263 2178 eterne
1280 2105 1532 2195 retributionis,
1551 2105 1645 2177 vinos
1660 2103 1874 2177 venerabiles
1884 2080 2056 2176 banada

646 2229 763 2302 lllonte
777 2228 891 2302 Veteri
905 2229 951 2300 ab
967 2231 1060 2302 omni
1073 2228 1232 2303 theloneo
1243 2238 1313 2301 tarn
1330 2229 1367 2301 in
1378 2239 1465 2301 terra
1476 2249 1582 2322 quam
1598 2229 1635 2300 in
1650 2249 1742 2323 aqua
1757 2226 2054 2322 perpetuoliberos

645 2352 897 2425 essevolumus
913 2361 947 2424 et
964 2351 1105 2424 omnino
1121 2353 1314 2444 absolutos,
1339 2351 1385 2425 ds
1405 2352 1578 2425 universis
1596 2351 1727 2424 scilicet
1751 2350 1920 2423 tractibus
1934 2371 2052 2422 eorum

644 2474 705 2570 qui
723 2474 774 2547 eis
796 2473 842 2546 de
866 2475 964 2546 terris
987 2474 1140 2569 ipsorum
1163 2485 1198 2549 et
1221 2475 1356 2549 allodiis
1379 2478 1555 2549 annuatim
1581 2477 1692 2550 solent
1709 2474 1903 2572 provenire.
1935 2473 2053 2568 ltaque

644 2598 851 2672 mandamus
877 2609 912 2671 et
932 2598 1142 2694 precipimus
1165 2600 1336 2672 universis
1361 2600 1578 2674 theloneariis
1599 2601 1724 2673 nosbis
1748 2607 1783 2671 et
1810 2598 1968 2671 officiatis
1992 2599 2052 2694 qui

643 2731 825 2794 nunosunt
836 2733 897 2796 aut
907 2745 970 2818 pro
983 2733 1135 2820 tempore
1150 2726 1292 2816 luerint,
1312 2735 1352 2796 ut
1364 2727 1480 2799 nullus
1494 2747 1613 2798 eorum
1629 2723 1771 2819 aliquod
1786 2723 1927 2796 omnino
1943 2723 2051 2796 thelo-

641 2869 759 2940 neum,
779 2857 818 2920 ut
836 2848 1047 2936 dictumest,
1068 2869 1088 2918 a
1107 2847 1270 2942 predictis
1286 2849 1449 2921 fratribus
1460 2850 1602 2942 exigere
1617 2847 1745 2920 audeat
1761 2848 1816 2920 vel
1833 2847 1991 2941 accipere
2007 2846 2052 2919 de

641 2971 747 3046 rebus
764 2971 925 3044 videlicet
941 2972 1198 3066 prenominatis.
1209 2971 1253 3045 Ut
1268 2981 1382 3045 auteur
1394 2971 1580 3045 beouostre
1591 2971 1803 3044 liberalitatis
1819 2969 2051 3043 munificentia

641 3109 715 3170 rata
739 3106 905 3192 perpetuo
936 3106 971 3167 et
1006 3097 1211 3168 inconvulsa
1239 3095 1403 3191 predictis
1424 3097 1585 3169 tratribus
1605 3097 1827 3182 observetur,
1857 3105 2049 3190 presentem

641 3219 771 3291 exinde
788 3219 949 3314 paginam
963 3217 1132 3291 conscribi
1146 3228 1182 3289 et
1193 3229 1308 3290 nostre
1321 3220 1509 3312 majestatis
1524 3217 1639 3311 sigillo
1651 3219 1820 3311 jussimus
1830 3217 2044 3291 communiri.

640 3343 829 3416 Statuimus
850 3365 933 3437 ergo
952 3352 991 3414 ut
1013 3343 1130 3415 nullus
1152 3343 1294 3416 omnino
1308 3353 1425 3417 contra
1446 3343 1512 3417 boc
1529 3343 1731 3416 mandatum
1754 3353 1910 3416 nostrum
1932 3342 2050 3414 uenire

641 3464 770 3540 audeat
782 3467 838 3538 vel
846 3467 960 3560 ipsum
972 3465 1090 3559 aliquo
1105 3465 1208 3538 modo
1218 3477 1393 3560 presumat
1407 3467 1548 3542 violare.
1562 3466 1664 3554 Quod
1677 3467 1739 3561 qui
1754 3467 2049 3561 lacerepresump-

638 3591 733 3682 serit,
756 3599 870 3662 nostre
881 3589 1067 3682 majestatis
1082 3588 1356 3682 indignationem
1372 3613 1411 3665 se
1428 3613 1496 3664 non
1512 3591 1648 3665 dubitet
1665 3592 1898 3691 incursurum.

688 3715 775 3786 Data
791 3711 887 3808 apud
903 3713 1114 3807 Maguntiam
1127 3767 1136 3804 ,
1151 3735 1243 3786 anno
1256 3715 1394 3787 Domini
1407 3714 1573 3808 MCXCV,
1595 3715 1782 3788 indictione
1797 3714 1893 3804 Xlll,
1913 3713 1976 3785 XV
1988 3712 2048 3784 lra-

638 3835 757 3908 lendas
772 3835 982 3907 novembris.

686 3958 755 4030 Nos
779 3957 885 4051 igitur
909 3958 1018 4054 ipsius
1043 3959 1179 4033 abbatis
1197 3959 1506 4055 supplicationibus
1527 3959 1698 4049 inclinati,
1724 3959 1771 4032 de
1782 3958 1922 4052 speciali
1939 3959 2046 4052 gratia

637 4091 752 4154 nostra
770 4083 964 4176 predictum
982 4082 1204 4178 privilegium
1219 4085 1327 4178 patris
1342 4085 1448 4156 nostri
1459 4094 1494 4156 et
1507 4106 1550 4158 ea
1564 4083 1759 4178 omniaque
1777 4082 1994 4154 eontinentur
2008 4083 2044 4153 in

636 4205 711 4301 ipso
729 4206 895 4278 duximus
913 4205 1169 4299 confirmanda;
1190 4217 1379 4280 statuentes
1390 4207 1538 4279 utnulla
1554 4207 1757 4302 personasit
1771 4227 1840 4300 que
1854 4204 2044 4301 predictum

635 4329 795 4402 abbatem
811 4331 867 4402 vel
881 4332 1001 4404 fratres
1021 4353 1103 4404 suos
1118 4339 1237 4404 contra
1255 4331 1510 4404 concessionem
1524 4329 1659 4402 domini
1677 4330 1784 4425 patris
1801 4331 1906 4403 nostri
1920 4345 1956 4401 et
1967 4350 2046 4424 pre-

634 4463 766 4528 sentem
779 4453 1071 4528 confirmationem
1083 4465 1237 4529 nostram
1256 4453 1385 4529 audeat
1400 4456 1593 4528 molestare.
1610 4453 1713 4539 Quod
1723 4454 1785 4547 qui
1803 4451 2047 4548 presumpserit

634 4578 906 4671 indignationem
926 4579 1032 4652 nostri
1048 4579 1210 4651 culminis
1227 4601 1266 4651 se
1282 4579 1416 4651 noverit
1427 4577 1624 4650 incurrisse.
1641 4576 1697 4649 Ad
1713 4577 1818 4668 bujus
1834 4577 1953 4670 itaque
1964 4597 2046 4648 oon·

633 4698 836 4774 firmationis
845 4711 960 4774 nostre
968 4703 1170 4776 memoriam
1177 4711 1213 4776 et
1222 4701 1328 4776 robur
1336 4710 1504 4798 perpetuo
1512 4701 1713 4793 valiturum,
1725 4700 2044 4797 presenssoriptum

633 4821 706 4896 lieri
723 4833 757 4897 et
775 4825 888 4918 sigillo
905 4827 1092 4918 majestatis
1109 4837 1223 4901 nostre
1231 4827 1401 4920 jussimus
1414 4826 1631 4900 communiri.
