4859 6359
367 695 467 754 lucrer.
482 692 529 772 8.]
822 688 1020 754 ursaonae
1043 685 1337 749 nltnouanlce.
1715 685 1775 748 695

368 824 580 908 Walterum
611 823 661 905 de
686 821 920 930 l'banuberg
942 820 1182 930 capellanum
1204 843 1319 900 suum
1344 818 1498 901 nuntios
1522 819 1658 926 mittit,
1687 844 1776 900 mo-

368 979 464 1040 nens
481 963 526 1040 ut
541 954 597 1039 eis
614 963 800 1064 tanquam
818 953 979 1064 sibiipsi
996 952 1113 1036 fidem
1129 953 1170 1034 in
1188 951 1368 1035 omnibus
1386 949 1604 1032 adhibeant.

451 1169 586 1249 (Edldor.
602 1170 742 1248 (ircim,
754 1169 876 1231 um.
891 1165 924 1228 di
934 1163 1058 1241 lstlouo,
1072 1173 1097 1229 t.
1111 1167 1180 1241 vn,
1195 1183 1227 1244 p.
1243 1173 1358 1228 54η.-
1368 1164 1505 1238 Savronr,
1520 1161 1628 1224 Ausul.
1642 1161 1775 1246 Balopu,

478 1283 518 1347 a.
528 1276 589 1354 111,
602 1283 672 1356 part
685 1284 728 1352 2⁸,
744 1293 777 1354 p.
792 1273 1286 1349 tau-*Psamlhaumacmm
1298 1269 1415 1344 lason,
1429 1276 1454 1333 t
1468 1271 1521 1345 IV,
1534 1287 1565 1350 p.
1583 1269 1669 1350 aaa.)

421 1458 701 1560 Heinricus„llei
721 1437 845 1567 'gratia
861 1431 1091 1546 Romanorum
1115 1480 1179 1530 rex
1203 1430 1239 1530 el
1264 1479 1400 1552 sempor
1419 1440 1618 1549 'augustum
1648 1457 1782 1530 dilectis

375 1585 447 1658 suis
459 1581 622 1660 fidelibus
641 1583 777 1681 imperii
793 1580 847 1679 (l)
861 1568 1013 1678 gratiam
1024 1563 1180 1676 suamet
1207 1603 1309 1674 omne
1326 1582 1469 1666 bonum,
1496 1580 1643 1687 Dilectus
1662 1581 1781 1656 fideles

375 1717 510 1781 nostros
523 1708 727 1781 Anselmum
740 1705 786 1781 de'
794 1704 977 1797 lustingen
988 1705 1176 1801 imperialis
1189 1705 1268 1778 aule
1280 1706 1523 1776 marescalcum
1536 1713 1570 1776 et
1581 1705 1780 1797 familiarem

376 1834 590 1928 capellanum
614 1841 767 1904 noenum
793 1831 1000 1924 magistrum
1022 1831 1211 1904 Walternrn
1233 1829 1277 1902 do
1299 1829 1474 1920 Tannum,
1499 1828 1782 1902 archidiaconum

376 1953 633 2048 llerbipolensis
658 1955 818 2063 ecclesie,
848 1955 989 2052 nendos
1010 1954 1048 2026 in
1075 1954 1246 2061 legatione
1278 1961 1394 2026 nostra
1425 1953 1639 2026 universitati
1669 1963 1783 2027 vestre

379 2075 548 2151 dommus
563 2077 859 2170 transmittendos,
885 2078 1015 2172 quibus
1029 2078 1133 2150 etiam
1154 2077 1379 2170 exposuimus
1396 2087 1512 2149 nostre
1530 2078 1784 2172 beneplacitum

377 2201 576 2274 voluntatis
594 2201 694 2276 Unde
709 2223 873 2296 rogamus
894 2211 930 2274 et
945 2197 1131 2274 moncmns'
1148 2195 1367 2295 prudentiam
1385 2211 1554 2288 vestram,
1584 2197 1786 2275 mandantes

378 2323 479 2396 vobis
492 2333 664 2418 quatenns
681 2326 798 2398 verbis
814 2326 968 2420 ipsorum
979 2346 1049 2419 qne
1060 2325 1162 2396 vobis
1172 2345 1219 2396 ex
1230 2331 1326 2419 parta
1340 2333 1456 2396 nostra
1474 2324 1626 2396 dixerint
1638 2327 1693 2397 vel
1705 2347 1784 2420 pro·

379 2447 570 2542 posuerint,
584 2446 690 2520 fldem
702 2448 897 2522 adhibeatis
906 2449 946 2521 in
958 2446 1134 2539 omnibns,
1146 2457 1312 2541 tanquam
1325 2468 1366 2520 ea
1378 2447 1479 2520 vobis
1494 2449 1742 2542 presentialiter
1752 2459 1786 2522 et

381 2571 603 2664 personaliter
615 2572 846 2666 loqueremur.

427 2695 555 2766 Datum
568 2695 664 2790 apud
677 2695 860 2789 Ezlingen,
878 2693 997 2768 idibus
1013 2693 1229 2782 novembris,
1250 2691 1439 2768 indictione
1456 2703 1591 2770 octava.

435 3237 641 3342 llenricus,
665 3237 926 3320 Romanorum
950 3262 1036 3347 rex,
1064 3235 1273 3320 rectoribus
1290 3247 1328 3319 et
1345 3237 1579 3321 universitati
1597 3237 1790 3322 civitatum

388 3371 575 3454 societatis
592 3369 844 3454 lombardiae
864 3369 1020 3452 nuntios
1038 3370 1275 3478 supradictos
1293 3379 1477 3481 tanquam
1500 3372 1680 3480 speciales
1702 3399 1791 3457 suos

388 3503 533 3612 legatos
556 3502 818 3608 commendat,
838 3502 931 3584 dum
950 3501 1041 3584 velit
1057 3501 1246 3612 quidquid
1269 3502 1384 3585 iidem
1401 3505 1546 3614 egerint
1568 3509 1694 3588 ratum
1712 3508 1792 3589 ha-

390 3632 499 3738 bere,
519 3641 558 3716 et
574 3633 719 3716 nuntiis
736 3657 835 3741 quos
854 3633 904 3714 ad
921 3657 962 3714 se
979 3632 1184 3716 Lombardi
1201 3659 1272 3742 pro
1299 3643 1406 3744 parte
1431 3633 1602 3744 ipsorum
1630 3637 1793 3722 vicissim

393 3767 538 3848 mittere
555 3765 830 3875 disposuerint,
850 3752 961 3848 su'am
978 3767 1248 3874 protectionem
1268 3778 1306 3850 et
1323 3765 1472 3852 salvum
1493 3769 1534 3850 in
1556 3769 1658 3852 exitu
1676 3783 1715 3852 et
1730 3797 1796 3853 re-

394 3923 525 4006 gressu
541 3898 775 3982 conductum
790 3897 989 4006 promittit.

471 4109 596 4190 (incdit.
612 4127 648 4170 ex
663 4109 738 4171 llbro
754 4111 861 4186 coplalt
879 4111 1052 4185 chanaone,
1067 4111 1123 4173 sub
1136 4110 1195 4172 fine
1213 4111 1305 4174 seeull
1326 4110 1396 4176 xlv
1415 4119 1552 4189 exarato,
1567 4117 1599 4174 ln
1619 4115 1796 4176 bibliotheca

510 4217 672 4278 Mediolani
687 4217 899 4291 emanans,
913 4215 949 4278 B.
968 4215 1029 4294 ts.)

442 4408 569 4477 Datum
586 4403 684 4500 apud
695 4405 879 4498 llzlingen,
898 4402 1015 4478 idibus
1028 4402 1242 4496 novembris,
1263 4403 1450 4478 indictione
1465 4415 1598 4479 ocare.

630 4603 739 4612 ..m-...-
1757 4606 1796 4618 ,-

434 4707 469 4781 (4)
487 4710 530 4766 lta
542 4709 594 4767 sub
610 4711 727 4783 generali
739 4709 863 4769 formast
875 4709 1053 4769 verisimiliter
1066 4709 1100 4769 nd
1113 4712 1273 4783 mationem,
1286 4711 1350 4774 dum
1361 4727 1391 4770 ra
1401 4727 1466 4771 vcra
1478 4713 1626 4773 rectoribus
1635 4721 1664 4773 et
1674 4718 1805 4776 universis

407 4806 447 4877 qui
459 4807 579 4866 masau
592 4807 769 4865 lombardiae
780 4807 976 4880 adbambant,
987 4807 1095 4867 litterae
1104 4807 1251 4866 &tinans
1261 4808 1368 4867 marim.
