4859 6359
374 819 471 884 leuc.
487 818 535 897 8.]
824 815 1022 880 ulsuollllt
1046 815 1337 882 uluuolluulcli
1728 827 1787 890 tle

377 1001 548 1085 qnatenus
564 989 728 1082 iniurium
749 989 905 1083 ipsorum
924 987 1026 1059 ιιοιιιι
1043 996 1194 1062 nostram
1215 987 1417 1082 vindicetis,
1440 999 1475 1064 et
1496 991 1613 1066 ledere
1639 994 1785 1070 nitentes

378 1135 418 1188 eo
433 1113 464 1187 si
482 1111 616 1208 regiam
635 1112 848 1204 majestatem
862 1109 1020 1202 iecerint,
1041 1109 1227 1206 reprimere
1245 1131 1314 1184 non
1333 1112 1495 1187 omittatis
1513 1112 1579 1211 (l).

1313 1427 1553 1440 m*

432 1704 635 1814 Hernicus,
663 1703 922 1789 Romanorum
940 1727 1027 1812 rex,
1046 1701 1221 1786 officiatis
1239 1703 1319 1787 suis
1340 1705 1389 1788 de
1409 1705 1680 1814 Dinkelsbirhl‚
1700 1708 1786 1795 uo-

382 1839 564 1950 tenburg‚
583 1837 818 1948 Nordlingen
835 1836 1043 1941 etWerdo‚
1064 1837 1105 1918 in
1121 1837 1292 1921 levorem
1309 1840 1529 1923 monosterii
1547 1841 1595 1924 de
1607 1841 1784 1951 Abuscn‚
1871 1789 1968 1887 m

382 1971 571 2056 interdicit
594 1997 644 2054 ue
669 1994 852 2082 personas
877 1969 1149 2053 ecclesiastices
1178 1970 1220 2052 in
1247 1997 1364 2054 oense
1389 1973 1577 2055 criminali
1603 1973 1663 2058 vel
1688 1974 1789 2061 civili

379 2105 524 2216 jndicio
540 2103 726 2188 reeordari
744 2114 844 2188 stare
860 2111 1023 2214 cogent,
1041 2113 1175 2186 contre
1191 2105 1362 2214 ipserum
1378 2106 1626 2190 uoluntatem.

460 2319 557 2402 (uuir.
575 2322 608 2380 ln
625 2319 760 2400 Senon,
784 2317 873 2400 Gorp.
894 2317 1004 2380 Hirior.
1027 2316 1267 2402 Brmdenlm„
1292 2319 1414 2400 Sylloge
1436 2329 1491 2400 ιι,
1506 2330 1540 2382 n·
1566 2323 1722 2386 oo.-1lt
1741 2341 1790 2403 ap.

501 2427 636 2490 iim.
652 2427 744 2500 uoto..
757 2432 832 2488 tom.
845 2425 948 2498 XXX,
963 2441 1031 2504 pars
1048 2433 1087 2500 1⁸,
1102 2442 1133 2502 p.
1149 2434 1220 2500 itt,
1236 2435 1270 2486 ιι·
1284 2434 1353 2498 lei,
1368 2443 1407 2488 ex
1420 2427 1555 2506 originali
1568 2429 1650 2492 uude
1661 2431 1792 2510 sigillum

500 2536 533 2595 in
545 2551 598 2596 ora
610 2535 730 2595 sinim
741 2533 853 2594 boum
866 2531 1012 2612 appendet
1023 2547 1062 2593 ex
1075 2530 1135 2592 illis
1147 2533 1248 2592 scriols
1259 2534 1399 2620 purpurei
1411 2529 1543 2614 eoloris.)

431 2722 572 2813 11.,1lei
589 2720 701 2814 gratia
721 2721 952 2794 Romanorum
968 2741 1034 2794 rex
1050 2729 1087 2793 et
1103 2730 1240 2814 semper
1256 2729 1447 2814 augustus,
1468 2719 1631 2795 fidelibus
1650 2724 1724 2796 suis
1746 2725 1792 2798 de

386 2845 644 2941 Dinlrelspnhel,
664 2843 712 2918 de
730 2843 940 2934 lietenbere,
965 2841 1011 2916 de
1030 2843 1262 2938 Nordelingeu
1275 2854 1310 2918 et
1323 2843 1510 2922 deWerde
1523 2846 1687 2926 ministris
1709 2870 1790 2924 nec·

386 2993 453 3044 non
475 2970 646 3042 universis
661 2967 819 3041 officialis
833 2969 908 3040 suis
924 2976 1116 3062 presentem
1132 2968 1266 3040 literam
1284 2968 1508 3063 inspecturis,
1530 2970 1674 3064 gratiam
1693 2993 1792 3046 suam

386 3103 419 3167 et
443 3113 548 3167 omne
578 3092 721 3163 bonnm.
751 3090 842 3161 Cum
870 3091 906 3161 iu
933 3099 1080 3184 utroque
1100 3091 1179 3182 jure
1206 3089 1414 3184 prohibitum
1444 3091 1489 3163 sit
1512 3095 1659 3186 nequis
1684 3093 1794 3186 judex

386 3216 549 3292 secularis
569 3215 784 3312 spiritualem
802 3236 981 3310 personam
1003 3215 1156 3309 aliquam
1176 3214 1232 3286 vel
1248 3213 1400 3286 Eoolesie
1424 3213 1650 3309 pertinentem
1677 3239 1793 3292 corum

386 3365 422 3416 oe
440 3350 542 3434 cogat
564 3349 655 3414 stare
674 3338 810 3432 judicio
831 3339 991 3428 seculari,
1017 3359 1151 3434 nosque
1178 3346 1317 3432 propter
1342 3339 1495 3411 levorem
1519 3360 1623 3434 quem
1642 3341 1795 3434 gerimus

387 3467 511 3540 dilecto
528 3465 629 3538 uobis
648 3463 766 3537 abbati
788 3473 823 3536 et
840 3463 1024 3536 conventui
1043 3461 1241 3535 monasterii
1257 3460 1303 3534 de
1323 3461 1483 3552 Ahusen‚
1506 3463 1586 3554 Jura
1604 3463 1712 3559 ipsius
1732 3487 1793 3540 eo·

386 3591 490 3664 olesie
505 3590 652 3662 velimus
679 3606 886 3661 conservare
906 3587 1093 3682 specialius
1115 3587 1264 3675 illibata3
1286 3585 1492 3659 mandamus
1514 3589 1615 3661 vobis
1638 3591 1704 3662 sub
1727 3591 1796 3665 ob-

387 3723 482 3788 tentu
501 3713 611 3808 gretie
626 3725 742 3784 nostre
755 3709 897 3783 firmiter
918 3710 1146 3807 precipientes
1166 3697 1339 3804 qnatenus
1358 3712 1474 3783 nullus
1497 3721 1651 3785 vestrum
1663 3715 1708 3786 sit
1733 3717 1794 3810 qui

386 3837 517 3910 dictum
534 3835 694 3908 abbatem
717 3833 775 3906 rel
798 3834 948 3929 aliquem
965 3855 1107 3907 suorum
1124 3832 1355 3924 subditorum,
1373 3835 1679 3910 ecclesiasticarum
1710 3861 1795 3935 per-

386 3982 563 4054 sonarum,
587 3961 625 4033 in
648 3981 753 4034 censa
773 3959 944 4035 eulminali
970 3959 1028 4034 rei
1054 3959 1149 4035 civili
1167 3967 1286 4034 conire
1300 3959 1455 4056 ipsorum
1472 3960 1684 4036 voluntalem
1712 3985 1795 4061 pre-

1572 4157 1790 4170 ——-—..

421 4267 458 4342 [ll
475 4269 581 4327 Desunt
592 4269 701 4326 omuino
711 4265 913 4343 chronologioue
929 4272 1018 4338 notae,
1031 4272 1059 4325 et
1070 4266 1102 4325 P.
1115 4265 1277 4339 ildefonsus,
1293 4264 1420 4324 historim
1434 4267 1535 4342 patriae
1543 4267 1656 4341 diligens
1671 4283 1795 4342 perscru-

387 4371 463 4438 tator,
473 4364 579 4424 litteras
589 4366 700 4424 ineunte
711 4381 805 4424 mense
823 4364 964 4424 novembri
981 4366 1051 4424 luti
1061 4363 1158 4439 Turegi
1168 4364 1246 4422 detes
1257 4379 1318 4422 esse
1330 4363 1476 4436 existiman
1491 4379 1524 4423 oo
1537 4365 1610 4438 quod
1626 4365 1678 4424 boe
1689 4366 1795 4426 circiter

387 4469 508 4538 tompore
522 4463 797 4538 Solodorousesregio
807 4469 876 4521 nutu
883 4463 1003 4534 multati,
1021 4461 1176 4521 wernhero
1192 4460 1227 4517 de
1238 4461 1572 4519 Luternaumonasterium
1588 4461 1679 4520 Soncti
1693 4461 1794 4524 Urbani

389 4559 554 4635 linquentius
569 4559 746 4631 molestante,
759 4564 878 4619 motum
894 4560 954 4633 ojus
976 4558 1132 4632 Gutenberg
1150 4557 1340 4616 destruxerint.
1359 4557 1438 4616 Certo
1458 4559 1559 4618 certius
1578 4564 1668 4618 terum
1687 4562 1791 4622 multat

387 4658 490 4733 Nmpe
500 4674 549 4716 rex
567 4657 731 4733 mseriptioui
746 4657 826 4732 sigilli
837 4657 879 4716 sui
892 4658 997 4716 lituum
1009 4663 1036 4714 et
1046 4656 1105 4714 ooo
1116 4656 1215 4715 Sueolo
1229 4671 1283 4712 nou
1297 4660 1360 4712 sule
1371 4670 1473 4714 annum
1494 4659 1558 4714 liti
1577 4655 1689 4731 adiecit,
1704 4675 1794 4736 nequo

390 4753 434 4811 ilii
449 4757 510 4830 ejus
521 4769 591 4828 quos
603 4755 632 4811 in
645 4755 821 4813 imuumooto
838 4755 898 4829 ipso
909 4760 1042 4813 memorat
1058 4754 1137 4811 citius
1155 4751 1230 4809 nasci
1247 4757 1401 4826 potueruut.
1422 4751 1511 4822 Quum
1534 4757 1623 4811 autem
1638 4753 1673 4812 ud
1688 4755 1794 4818 ulu'mos

389 4852 460 4924 regni
474 4850 582 4909 lieunci
595 4853 679 4911 nostri
695 4862 780 4910 annos
792 4851 896 4911 litterae
905 4853 1065 4926 pertineant,
1079 4850 1218 4925 privilegio
1232 4847 1401 4923 praecedenti
1417 4849 1464 4908 ubi
1478 4849 1512 4908 de
1526 4849 1619 4924 regine
1633 4853 1732 4912 mentio
1749 4853 1793 4928 ur,

388 4945 564 5006 Boebmerum
576 4949 663 5007 semti
674 4949 727 5008 boo
735 4948 892 5008 mundatum
905 4948 1097 5008 subnectimus.
