4859 6359
348 792 446 854 laeter.
461 792 509 870 8.]
797 789 996 853 utstotttrt
1020 788 1314 854 diplomatica
1702 786 1761 850 '113

395 926 577 1000 lleinricus
605 924 794 1021 septimus,
826 922 949 998 diviua
976 927 1114 1000 lavante
1144 923 1330 1000 clemencia
1365 923 1596 993 Romanorum
1629 942 1695 994 rex
1725 932 1760 996 et

349 1072 486 1147 semper
507 1060 694 1144 augustus,
721 1047 895 1120 universis
918 1049 1051 1145 imperii
1075 1048 1238 1124 fidelibus
1252 1045 1382 1142 quibus
1399 1042 1465 1116 hec
1491 1043 1601 1116 littera
1623 1051 1760 1117 ostensa

350 1171 453 1246 luerit
482 1172 630 1265 gratiam
655 1192 756 1244 suam
786 1179 822 1244 et
848 1171 1116 1245 omnebonum.
1144 1172 1293 1244 Firmam
1320 1188 1418 1262 spem
1442 1163 1674 1260 fiduciamque
1701 1175 1760 1240 te-

347 1317 471 1369 nemus
487 1293 587 1391 quod
603 1293 773 1390 quicquid
799 1294 972 1386 religiosis
991 1293 1076 1367 viris
1104 1295 1213 1388 gratie
1237 1290 1509 1388 impenderimus
1532 1299 1567 1362 et
1595 1289 1756 1378 honoris,

349 1418 388 1493 id
416 1441 498 1492 cum
531 1419 759 1516 multiplicato
783 1419 898 1491 fructu
922 1419 1121 1515 recolligere
1153 1417 1344 1493 debeamus
1368 1415 1404 1484 in
1430 1413 1526 1486 celis.
1557 1414 1629 1486 llao
1655 1414 1761 1508 igitur

350 1541 622 1616 consideratione
646 1540 801 1633 inducti,
822 1542 966 1615 obtentu
982 1563 1124 1638 quoquc
1140 1563 1282 1637 precum
1303 1539 1428 1612 dilecte
1452 1537 1619 1610 consortis
1646 1548 1761 1612 nostre

348 1667 539 1760 Margarata
567 1666 710 1738 illustris
740 1655 976 1739 Romanorum
1002 1666 1122 1761 regine
1148 1664 1223 1761 (l),
1252 1665 1356 1756 cujus
1381 1659 1564 1735 desideriis
1590 1683 1659 1735 non
1689 1662 1760 1735 de-

347 1789 489 1863 buimus
502 1789 679 1886 refragari,
699 1811 741 1862 ac
758 1789 860 1863 etiam
874 1790 921 1862 ob
942 1787 1102 1863 allectum
1119 1810 1224 1884 quem
1248 1787 1338 1861 circa
1361 1785 1519 1858 ordinem
1541 1783 1758 1882 cystercien-

351 1935 423 1987 sem
453 1936 592 2010 semper
616 1913 786 1986 hactenus
805 1912 994 1986 habuimus
1020 1924 1055 1986 et
1072 1913 1262 2002 habemus,
1296 1909 1429 1984 dilectis
1457 1907 1557 1980 nobis
1584 1909 1700 1984 abbati
1730 1921 1764 1985 et

351 2037 537 2112 conventui
555 2036 601 2110 do
620 2037 845 2126 Schonental‚
863 2037 1174 2134 cysterciensibus,
1195 2035 1298 2108 talem
1318 2033 1460 2106 fecimus
1472 2033 1618 2127 gratiam
1639 2044 1674 2108 et
1694 2035 1762 2109 do·

351 2161 514 2236 narimus
544 2160 735 2234 libertatem
768 2160 865 2256 quod
896 2181 1017 2233 omnes
1045 2159 1278 2255 possessiones
1304 2165 1340 2230 et
1365 2157 1456 2230 bona
1481 2179 1551 2251 que
1573 2155 1702 2231 habent
1726 2159 1762 2231 in

351 2285 609 2380 presenciarum
623 2285 680 2356 vel
697 2284 735 2356 in
752 2284 908 2356 loturum
928 2293 1090 2379 poterunt
1107 2281 1254 2377 adipisci
1276 2281 1313 2352 in
1332 2279 1549 2370 civitatibus,
1575 2280 1689 2376 opidis
1706 2283 1764 2357 vel

352 2409 388 2480 in
404 2408 484 2482 aliis
502 2408 586 2481 locis
602 2408 703 2481 nobis
716 2407 914 2480 immediate
932 2406 1194 2503 pertinentibus,
1216 2427 1238 2478 a
1260 2405 1431 2497 serviciis,
1455 2404 1619 2500 precariis
1641 2414 1675 2476 et
1692 2405 1762 2478 col·

351 2531 450 2605 lectis
468 2553 539 2626 que
555 2531 657 2604 nobis
674 2529 863 2625 aliquando
883 2530 958 2603 dari
978 2531 1090 2604 solent
1112 2530 1221 2603 libera
1236 2530 1306 2601 sint
1323 2529 1476 2602 omnino.
1498 2529 1542 2602 Ut
1559 2537 1673 2600 autem
1698 2528 1763 2603 heo

352 2655 460 2749 gratia
479 2675 544 2750 per
560 2676 624 2727 nos
641 2655 727 2750 ipsis
753 2653 890 2727 indulta
908 2653 1062 2728 debitam
1087 2663 1123 2726 et
1147 2662 1348 2749 perpetuam
1374 2652 1464 2724 sicut
1484 2651 1587 2724 debet
1611 2653 1764 2726 obtineat

353 2778 570 2869 firmitatem,
606 2786 801 2873 presentem
836 2787 965 2850 cartam
999 2775 1081 2851 iude
1117 2777 1346 2872 conscriptam
1379 2775 1430 2848 eis
1461 2775 1497 2847 iu
1531 2775 1765 2848 testimonium

354 2901 521 2976 duximus
542 2900 811 2975 concedendam.
837 2902 873 2974 Si
896 2902 977 2997 quis
996 2901 1102 2998 igitur
1118 2901 1343 2974 officiatorum
1367 2908 1560 2972 nostrorum
1584 2908 1763 2973 monasta-

353 3026 442 3096 rium
464 3035 500 3098 at
517 3034 726 3098 conventum
748 3025 794 3098 de
813 3025 1018 3098 Schouental
1037 3033 1155 3098 contm
1177 3023 1323 3118 gratiam
1339 3022 1540 3115 hujusmodi
1560 3045 1665 3119 super
1681 3043 1765 3119 pre-

354 3149 466 3220 missis
500 3148 748 3245 presumpserit
777 3149 980 3236 molestare,
1013 3170 1034 3220 a
1067 3158 1184 3220 nostre
1213 3146 1404 3220 serenitatis
1431 3146 1541 3241 gratia
1570 3147 1705 3220 noverit
1727 3169 1766 3222 ae

355 3271 548 3346 exclusum.

402 3395 520 3468 'lestes
537 3395 643 3488 hujus
663 3395 713 3469 rei
737 3405 820 3468 suut
841 3422 850 3466 z
874 3394 1064 3468 Landollus
1082 3393 1342 3467 wormatiensis
1360 3393 1509 3486 electus,
1534 3395 1766 3468 Hartmannus

356 3539 469 3591 comes
488 3518 534 3592 de
550 3519 726 3613 Quiburg,
745 3517 940 3593 Gotefridus
963 3540 1079 3592 comes
1093 3517 1139 3591 de
1155 3517 1391 3600 lewenstein,
1412 3517 1592 3591 Heinricus
1608 3526 1644 3590 ct
1659 3518 1766 3593 Gete-

355 3641 466 3715 ln'dus
494 3643 614 3716 iratres
631 3643 677 3717 de
698 3643 833 3736 Niffen,
856 3645 956 3738 llugo
974 3644 1185 3730 delevere,
1211 3639 1423 3714 Wernherus
1450 3642 1606 3715 notarius
1636 3652 1764 3736 noster,

354 3762 513 3836 Albertus
528 3764 575 3838 de
592 3764 823 3859 Liebenstein‚
842 3766 1048 3839 Wilhelmus
1063 3765 1109 3839 de
1125 3765 1316 3862 Wimpina,
1336 3773 1372 3838 et
1389 3765 1449 3838 alii
1465 3767 1699 3863 quamplures.

402 3891 486 3963 Acta
511 3897 593 3962 suut
615 3889 681 3963 hec
705 3891 801 3986 apud
823 3891 1055 3987 Wimpinam,
1086 3911 1179 3963 anno
1203 3891 1313 3985 gratie
1341 3890 1522 3964 millesimo
1542 3891 1606 3963 CC.
1622 3891 1763 3981 XXXV,

355 4013 460 4086 xvttl
476 4013 644 4087 kalendas
661 4015 845 4107 februarii,
865 4015 1053 4088 indictione
1069 4015 1169 4086 vill.

390 4318 426 4392 (t)
443 4318 503 4376 llac
514 4317 603 4394 prima
614 4315 696 4378 simul
710 4320 739 4377 et
750 4316 830 4377 unica
842 4319 900 4377 rica
911 4319 946 4378 de
956 4323 1081 4378 consorte
1092 4333 1143 4378 sua
1155 4334 1205 4378 rex
1221 4319 1351 4378 ilenricus
1369 4318 1532 4378 mentionem
1549 4317 1578 4376 iu
1595 4318 1709 4394 publicis
1721 4319 1764 4378 iu·

356 4415 512 4474 sunmmtu
526 4413 605 4488 lacit,
626 4429 711 4490 quam
722 4421 814 4474 tamen
824 4432 896 4474 anno
910 4418 979 4475 ⁴233
995 4414 1188 4490 repudiandam
1201 4415 1230 4473 in
1241 4415 1331 4474 auimo
1344 4414 1478 4474 habuerat
1496 4421 1527 4472 ut
1547 4415 1664 4490 priorem
1681 4431 1762 4492 spon-

356 4527 424 4585 sam,
436 4511 509 4586 regis
520 4511 664 4572 llohemim
674 4528 810 4585 acrorem,
825 4513 853 4570 in
864 4529 977 4572 uxorem
990 4518 1150 4572 assumeret.
1168 4512 1209 4571 ct.
1223 4528 1316 4588 supra,
1330 4529 1360 4588 p.
1375 4514 1440 4584 687,
1452 4517 1508 4569 not.
1525 4515 1551 4570 t.
1573 4511 1613 4569 De
1626 4528 1680 4586 quo
1695 4513 1764 4572 haec

356 4609 428 4685 apud
436 4609 517 4668 Geato
528 4611 632 4668 licvit.
647 4608 772 4685 leguntur
783 4628 791 4666 ε
804 4611 910 4670 «Vitam
923 4611 1026 4684 mam
1038 4626 1094 4669 non
1105 4610 1214 4682 habuit;
1228 4626 1292 4668 nam
1302 4609 1468 4667 incontinens
1481 4607 1531 4666 luit
1542 4608 1665 4681 multum,
1673 4610 1764 4670 minus

356 4708 496 4766 attendens
505 4709 569 4782 jura
578 4709 741 4768 matrimonii
752 4711 796 4768 cui
808 4709 933 4768 astrictus
945 4716 1013 4768 erat.
1027 4729 1041 4762 s
1057 4710 1114 4766 Noc
1128 4708 1223 4766 melius
1243 4709 1278 4766 de
1298 4707 1420 4766 moribus
1440 4707 1547 4766 llenrici
1563 4713 1642 4766 sonat
1658 4711 1762 4768 Hister.

355 4804 482 4863 Nortctt.
491 4813 622 4879 monost,
633 4824 717 4882 quum
727 4809 802 4868 dicat
815 4827 823 4865 z
837 4809 914 4867 «Iste
925 4808 1098 4883 coepitquasi
1108 4808 1224 4882 degow
1233 4807 1305 4864 luxui
1316 4807 1464 4879 deservire,
1479 4807 1587 4866 consilia
1598 4807 1761 4882 prudentum

357 4909 492 4975 aramme,
505 4909 558 4962 etc.
575 4923 590 4958 s

453 5030 509 5092 lV.
528 5043 619 5090 rma.
1568 5039 1606 5094 9⁰
