4859 6359
609 762 671 825 618
1136 760 1308 823 llENlllCl
1336 758 1505 821 sslltltl
1834 763 1916 843 [Aua.
1934 764 2020 827 lata

609 898 693 973 ville
710 896 985 971 Neokerauwca
1011 919 1082 992 qua
1104 918 1166 992 per
1190 895 1382 991 palatinum
1401 894 1512 967 Rheni
1530 893 1656 970 ducem
1675 897 1836 973 Bawarie
1857 899 2024 973 violenter

607 1022 740 1114 ejectus
754 1020 1009 1095 dinoscebatur.
1031 1020 1234 1095 llaudantes
1250 1029 1286 1092 et
1309 1018 1380 1091 sub
1403 1018 1680 1093 interminatione
1696 1020 1806 1113 gratie
1823 1032 1939 1097 nostra
1955 1023 2024 1097 fir·-

606 1145 761 1219 missime
775 1145 985 1243 precipimus
1001 1152 1040 1217 ut
1057 1144 1152 1217 nulla
1166 1143 1309 1217 omniuo
1320 1162 1468 1240 persona
1483 1142 1642 1215 sublimis
1656 1144 1714 1217 val
1727 1143 1889 1239 humilis,
1906 1148 2023 1221 eecle-

604 1269 742 1345 siastico
763 1272 822 1343 vel
847 1268 1042 1363 mundana,
1072 1266 1204 1343 dictum
1224 1268 1427 1365 episcopum
1442 1276 1478 1341 et
1495 1267 1674 1343 ecclesiam
1689 1289 1790 1341 suam
1803 1279 1923 1345 contra
1937 1292 2023 1367 pm-

604 1393 712 1485 ssntis
725 1392 922 1467 donationis
943 1402 978 1467 et
996 1393 1241 1489 recognitionis
1262 1400 1378 1465 nostre
1392 1391 1559 1489 paginam
1573 1393 1756 1466 molestare
1768 1402 1945 1489 prasumat
1962 1396 2022 1471 rel

604 1518 757 1591 turbare.
777 1516 880 1604 Quod
895 1518 958 1613 qui
971 1517 1220 1615 presumpserit
1231 1525 1371 1589 eentum
1383 1515 1490 1615 libras
1505 1514 1582 1591 auri
1598 1536 1638 1589 se
1652 1515 1690 1586 in
1705 1514 1897 1589 vindictam
1914 1526 2020 1593 teme·

602 1641 711 1714 nitatis
727 1664 791 1715 sue
805 1643 1075 1737 compositurum
1089 1650 1270 1735 agnoscat,
1289 1638 1509 1713 medietatem
1522 1660 1657 1713 camere
1672 1648 1787 1713 nostre
1800 1650 1836 1713 et
1849 1641 2020 1737 reliquam

604 1774 737 1861 partem
756 1766 918 1859 injuriam
935 1767 1091 1861 patienti.
1110 1764 1167 1839 Ad
1181 1766 1287 1858 hujus
1304 1764 1422 1859 itaque
1440 1763 1488 1835 rei
1498 1761 1710 1837 evidentiam
1725 1773 1760 1836 et
1777 1764 1936 1838 stabilem
1952 1764 2020 1837 lir-

605 1889 773 1981 mitatem,
792 1911 934 1985 presens
949 1891 1115 1985 scriptum
1131 1886 1205 1961 fieri
1221 1888 1390 1979 jussimus
1406 1887 1509 1981 sigilli
1524 1888 1632 1961 nostri
1649 1888 1844 1961 munimine
1861 1911 2020 1963 commu·

606 2011 731 2083 nilum.

655 2135 767 2227 liujus
782 2136 833 2207 rei
850 2143 953 2209 testes
971 2143 1052 2207 sunt
1071 2161 1080 2207 r
1102 2130 1506 2231 Sytridusulnguntinus
1523 2133 1587 2209 Th.
1604 2135 1825 2209 Trevereusis
1842 2136 2019 2232 archiepi-

606 2258 722 2353 scopi,
744 2258 781 2331 C.
803 2259 992 2355 Spirensis,
1011 2260 1052 2330 R.
1072 2258 1243 2331 'lullensis
1260 2258 1435 2354 episcopi,
1452 2257 1494 2329 E.
1509 2256 1755 2351 delibimtein,
1774 2260 1818 2331 ll.
1838 2257 2013 2352 dsNiffin,

606 2382 646 2454 G.
667 2381 712 2455 de
726 2380 926 2475 Budingen,
948 2382 986 2455 C.
1009 2382 1054 2457 de
1068 2380 1263 2471 Hoenloch,
1289 2382 1347 2453 W.
1366 2381 1412 2455 de
1434 2380 1625 2456 Bonlandia
1646 2380 1797 2478 dapifer,
1827 2384 1870 2454 D.
1887 2382 2018 2457 della-

606 2504 795 2599 vinsbnrg,
812 2504 849 2577 C.
871 2506 1035 2601 pincerna
1048 2506 1093 2581 de
1109 2506 1358 2600 Clingeuhurg,
1377 2505 1485 2579 etalii
1503 2507 1740 2601 quamplures.

654 2628 779 2701 Actum
794 2629 892 2727 apud
903 2632 1132 2726 Magantiam,
1154 2652 1246 2703 anuo
1256 2630 1302 2703 ab
1320 2631 1554 2703 incarnatione
1565 2631 1703 2704 Domini
1718 2630 1768 2703 Μο
1780 2629 2016 2707 ducentesimo

604 2753 775 2827 tricesimo
792 2754 909 2847 tertio,
928 2756 988 2827 Vll
1004 2754 1170 2828 kalendas
1184 2754 1341 2847 augusti,
1361 2754 1550 2827 indictione
1564 2764 1676 2829 sexta.

652 2877 726 2971 Ego
744 2878 903 2973 Syfridus
929 2878 1188 2975 Ratisponeusis
1213 2879 1408 2975 episcopus,
1438 2878 1628 2975 imperialis
1656 2880 1736 2954 aula
1765 2879 2013 2973 cancellarius,

606 3000 685 3073 vice
712 3000 843 3073 domini
870 3002 1064 3098 Mogontini
1097 3002 1345 3099 archiepiscopi
1372 3004 1479 3076 totius
1499 3003 1681 3077 Germanis
1704 3002 2014 3096 archicancellarii,

603 3144 801 3219 recognovi.

450 3680 515 3723 ⁴¹¹⁶
658 3684 865 3790 Hemieus,
900 3684 1162 3768 Romanorum
1179 3708 1266 3790 rex,
1291 3684 1423 3767 domui
1450 3685 1611 3767 Sanctae
1641 3683 1781 3769 Mariae
1806 3683 2019 3766 l'heutoni-

605 3843 738 3901 corum
773 3818 876 3928 apud
911 3816 1113 3899 Frankfort
1148 3815 1295 3899 consent
1329 3816 1489 3899 rubeam
1523 3816 1704 3927 paludem
1735 3814 2016 3925 (ltdderlrrocl)

605 3950 718 4033 sitam
746 3951 845 4033 inter
873 3950 1159 4061 Wrowinregin
1188 3950 1457 4061 (Fraumwrp)
1484 3960 1521 4034 et
1547 3950 1722 4034 villulam
1752 3950 1876 4034 Rodia
1904 3948 2016 4059 (Nie-

601 4084 782 4193 derrad.)

686 4298 822 4378 (Edldar.
841 4297 994 4373 muman,
1020 4295 1137 4371 Arellio,
1156 4299 1201 4371 ll,
1228 4306 1280 4359 97.
1294 4298 1512 4374 -Bosum,
1533 4295 1605 4359 Cod.
1620 4294 1843 4377 llocaosroucs,
1862 4296 1895 4372 I,
1910 4304 1960 4357 58.
1977 4325 2015 4341 -

723 4404 860 4479 lluunm,
877 4400 946 4466 Cod.
962 4400 1027 4467 ord.
1046 4402 1198 4479 Tlecton,
1211 4421 1243 4482 p.
1261 4412 1313 4485 99,
1325 4414 1358 4466 n·
1372 4407 1437 4484 99.)

652 4591 852 4683 lleiurious,
872 4590 937 4663 Dei
954 4592 1071 4685 gracia
1088 4592 1319 4665 Romanorum
1342 4612 1408 4663 rex
1424 4600 1460 4663 et
1476 4610 1611 4687 semper
1627 4598 1815 4682 augustus,
1840 4587 2013 4661 universis

603 4716 741 4811 imperii
757 4714 919 4788 fidelibus
929 4717 1059 4810 quibus
1071 4738 1212 4812 presens
1222 4716 1320 4788 litera
1332 4716 1433 4787 fuerit
1444 4724 1580 4788 ostensa
1594 4714 1740 4808 gratiam
1754 4734 1853 4785 suam
1866 4722 1901 4784 et
1912 4732 2013 4785 omne

603 4838 748 4911 bouum.
768 4838 860 4909 Utin
877 4839 1002 4911 nostris
1017 4840 1229 4935 temporibus
1241 4840 1363 4912 collata
1377 4860 1398 4911 a
1412 4847 1529 4912 nostra
1545 4836 1779 4913 munificentia
1789 4846 1863 4909 rata
1878 4857 2012 4931 perma-
