4859 6359
1116 751 1330 815 varnarius
1355 752 1531 815 sncuvnr
1839 754 1921 833 [un.
1939 756 2027 820 raas.

860 1033 1180 1047 *a*

407 1324 589 1382 lateranum-1
671 1306 903 1417 Friderious,
928 1310 1190 1395 Romanorum
1217 1312 1438 1423 imperator,
1467 1312 1596 1395 comiti
1620 1313 1834 1399 Sabaudiae
1860 1342 1931 1425 pro
1952 1318 2026 1401 de—

617 1440 713 1521 votis
745 1440 828 1551 ejus
862 1451 901 1525 et
927 1444 1088 1553 acceptis
1120 1443 1281 1528 servitiis
1309 1454 1435 1555 grates
1462 1446 1563 1555 agit,
1593 1448 1775 1529 nuntians
1806 1474 1847 1531 se
1873 1450 2024 1532 morrei

615 1572 773 1656 militiae
798 1575 915 1658 decus
951 1602 1241 1685 concessurum,
1269 1588 1474 1688 monetque
1501 1590 1543 1661 ut
1569 1605 1658 1662 oum
1684 1580 1725 1662 in
1753 1582 2022 1665 Lombardiam

614 1706 756 1815 veniet,
776 1708 858 1817 ipse
874 1734 1003 1793 comes
1021 1710 1237 1819 aspectibus
1256 1710 1336 1793 suis
1354 1722 1540 1795 occurrat.

695 1919 822 2002 (Inodlt.
839 1941 878 1984 ex
893 1922 961 1983 eod.
979 1923 1121 1986 Blbllotb.
1146 1922 1278 1985 Vlndob.
1298 1919 1405 1983 Philet.
1426 1932 1502 1997 805,
1524 1922 1577 1987 fol.
1598 1933 1655 1987 124
1673 1931 1770 1999 recto,
1782 1956 1823 1971 -
1837 1931 1868 1986 et
1880 1926 1939 1987 nlln
1955 1928 2021 1988 vles

728 2026 783 2088 tol.
801 2034 857 2086 12⁵
871 2027 983 2107 verso.)

658 2210 878 2301 Fredericus,
897 2220 966 2284 ete.
983 2211 1073 2283 Satis
1089 2220 1262 2305 gratanter
1276 2220 1311 2285 et
1329 2212 1477 2305 benigne
1491 2210 1627 2285 audivit
1638 2220 1753 2283 nostra
1765 2212 2018 2307 serenitasque

610 2334 656 2409 de
673 2345 733 2408 tue
756 2334 955 2407 devocionis
976 2334 1169 2429 integritate
1193 2357 1300 2431 quam
1325 2336 1369 2407 ad
1394 2356 1458 2407 nos
1473 2334 1615 2407 sinceris
1639 2336 1730 2428 geris
1754 2334 2011 2407 affectibus...

608 2460 722 2534 tidelis
745 2468 861 2531 noster
882 2468 998 2530 nostro
1015 2459 1158 2530 culmini
1181 2459 1351 2531 recitavit.
1374 2458 1429 2529 Ex
1452 2458 1580 2551 quibus
1598 2458 1790 2529 devotionis
1808 2468 1867 2531 tus
1887 2478 2016 2553 propn-

608 2586 713 2657 situm
744 2584 931 2677 plurimum
959 2580 1262 2673 commendantes,
1288 2582 1517 2653 sinceritatem
1548 2592 1643 2653 luam
1668 2582 1857 2675 gratiarum
1881 2582 2015 2653 actione

607 2708 860 2804 prosequimur,
883 2716 918 2779 et
936 2716 970 2780 te
986 2707 1073 2778 inter
1093 2707 1179 2779 alios
1204 2715 1337 2780 nostros
1362 2706 1482 2779 fideles
1506 2706 1721 2801 disponimus
1743 2706 1861 2800 dignis
1878 2704 2014 2777 bonell-

607 2832 738 2904 oiornm
765 2829 1051 2903 retributionibus
1075 2826 1297 2925 imperialiter
1321 2848 1554 2923 compensare.
1583 2828 1739 2899 Firmiter
1762 2850 1912 2921 namque
1939 2848 2012 2899 cre·

607 2954 722 3028 dimus
739 2964 775 3027 et
798 2953 978 3025 effectibus
997 2974 1141 3048 operum
1157 2952 1390 3047 comperimus
1409 2952 1588 3023 manifeste
1603 2950 1699 3046 quod
1718 2950 1894 3045 quondam
1917 2958 2012 3043 pater

605 3089 688 3150 tuns
706 3099 821 3150 comes
840 3075 1013 3149 Sabaudie
1036 3078 1098 3171 qui
1112 3076 1237 3149 diebus
1262 3078 1335 3149 suis
1355 3072 1529 3149 serenitati
1552 3086 1667 3147 nostra
1691 3083 1848 3171 prompte
1872 3074 1954 3145 satis
1977 3084 2012 3145 st

605 3201 730 3275 devota
747 3202 904 3291 servivit,
925 3210 959 3272 te
975 3200 1012 3271 in
1027 3199 1099 3272 tide
1113 3210 1148 3272 et
1170 3199 1361 3273 devocione
1383 3207 1497 3271 nostra
1514 3220 1634 3271 verum
1650 3198 1812 3271 heredem
1837 3198 2011 3291 reliquerit

603 3333 639 3396 et
657 3326 848 3417 legitimum
866 3345 1098 3397 successorem
1123 3326 1189 3420 (l).
1210 3322 1311 3397 Unde
1330 3323 1491 3397 videmus
1508 3322 1603 3419 quod
1618 3322 1706 3395 vivit
1725 3323 1762 3393 in
1778 3331 1861 3395 nato
1878 3320 2010 3415 genitor

602 3457 637 3521 et
662 3448 886 3521 devocionem
916 3458 1092 3543 paternam
1119 3447 1326 3541 obsequiosa
1352 3448 1453 3519 uobis
1478 3445 1571 3519 filius
1599 3454 1826 3543 representat,
1855 3445 2006 3539 graciam

601 3580 751 3643 nostram
774 3572 927 3644 alliciens
945 3582 980 3643 et
1004 3572 1156 3643 invitans
1177 3580 1216 3642 ut
1238 3572 1274 3642 in
1298 3572 1480 3666 superstite
1504 3570 1575 3643 lilio
1589 3571 1694 3665 patris
1714 3579 1749 3642 et
1769 3568 1829 3641 filii
1852 3569 2007 3665 graciosa

600 3695 739 3767 servitia
766 3696 975 3791 premiemus
998 3694 1068 3791 (l).
1094 3694 1288 3767 llscolimus
1310 3694 1412 3766 etiam
1429 3692 1524 3789 quod
1546 3693 1681 3767 dudum
1703 3692 1911 3766 venerabilis
1936 3692 2008 3765 va-

598 3820 750 3891 lentinus
767 3819 896 3891 electus
918 3820 1022 3891 frater
1039 3828 1121 3889 tuus
1139 3818 1234 3914 apud
1253 3839 1317 3891 nos
1342 3818 1463 3891 institit
1483 3816 1536 3913 (2)
1558 3826 1597 3889 ut
1623 3816 1863 3890 decoraremus
1879 3826 1913 3889 te
1932 3816 2006 3888 ciu-

937 3990 1043 3999 ...μ--
1049 3990 1262 3998 ...-....--.--.-.
1268 3990 1332 3998 ----
1339 3991 1344 3998 -
1350 3990 1486 3999 --—---——-

596 4077 628 4129 ut
640 4072 741 4145 dievrnt,
751 4072 825 4129 nulla
836 4073 888 4129 nlla
899 4072 1058 4130 auctoritato
1070 4071 1120 4129 nisi
1133 4090 1167 4128 ex
1179 4071 1231 4129 boe
1242 4072 1404 4130 documento
1417 4080 1494 4131 notris
1503 4078 1546 4131 ast
1553 4090 1560 4129 ι
1568 4072 1640 4146 quod
1652 4087 1747 4146 parum
1755 4072 1836 4129 etiam
1848 4088 1909 4129 oum
1921 4088 2005 4146 parvo

596 4170 706 4228 llumlns
719 4172 789 4227 sicut
801 4176 843 4228 ost
855 4170 937 4241 Lech,
951 4170 1104 4227 concordat.
1121 4168 1164 4226 Cf.
1178 4168 1302 4227 Gtrooa'e
1316 4172 1426 4245 Welnp.
1441 4186 1486 4245 ap.
1501 4170 1588 4241 llus,
1604 4186 1632 4244 p.
1648 4171 1698 4241 lt,
1716 4176 1743 4226 et
1758 4170 1893 4241 Srmrr,
1911 4168 2003 4227 Gesob.

594 4282 650 4324 oon
668 4267 816 4337 verteme,
829 4273 850 4322 t.
863 4268 889 4335 l,
903 4284 932 4340 p.
948 4270 1011 4324 lto.
1025 4268 1081 4324 Cur
1093 4273 1194 4337 numm,
1209 4272 1240 4323 ut
1257 4274 1348 4324 monet
1360 4268 1539 4339 Bocbmerus,
1552 4282 1649 4325 nornen
1662 4266 1752 4341 potius
1766 4282 1821 4325 non
1837 4266 2005 4325 referendum

592 4370 666 4423 asset
677 4365 712 4421 ad
728 4364 923 4438 Gbnzclbosen,
936 4365 1006 4420 inter
1022 4364 1164 4437 bugubnrg
1177 4371 1204 4421 at
1218 4364 1485 4435 Fllrstenleldbrticlr,
1501 4365 1528 4420 in
1541 4364 1625 4423 vstad
1641 4366 1684 4421 via
1702 4378 1798 4422 versus
1815 4362 2003 4423 bonnoniam?

628 4460 665 4537 lt)
684 4463 761 4521 Anno
775 4465 844 4521 ⁴233
858 4461 994 4518 Amadous
1006 4461 1156 4519 sabaudiae
1168 4476 1260 4518 comes
1270 4462 1339 4535 patri
1353 4476 1402 4517 suo
1413 4461 1554 4519 Thomasio
1568 4468 1744 4519 successerat.

630 4558 666 4633 (2)
685 4559 870 4617 verisimiliter
886 4558 914 4615 in
932 4558 1007 4615 curia
1021 4559 1093 4633 apud
1111 4558 1267 4631 Hagenowo
1284 4574 1377 4615 mansa
1397 4556 1532 4614 decembri
1550 4560 1618 4613 l235
1633 4558 1781 4627 celebrata,
1797 4556 1840 4613 cui
1853 4556 1929 4613 alluit
1942 4571 2005 4613 cum

589 4656 682 4713 multis
694 4657 769 4729 regni
784 4655 947 4713 Arelatensis
958 4655 1094 4711 nobilibus
1108 4670 1198 4711 eomes
1208 4654 1378 4723 Provinciae,
1391 4654 1437 4727 qui
1451 4654 1555 4711 comitis
1569 4654 1718 4711 Sabaudiae
1732 4660 1760 4711 et
1773 4653 1858 4727 ipsius
1871 4651 2005 4709 Valentini

590 4752 668 4809 electi
682 4753 765 4809 sorori
777 4758 914 4825 nupserat.
925 4752 1018 4809 Filiam
1031 4767 1138 4824 quoque
1150 4751 1271 4824 ejusdem
1284 4752 1390 4808 comitis
1406 4751 1559 4809 Provinciae
1570 4752 1735 4822 thanorum,
1751 4752 1807 4824 regi
1818 4750 1928 4823 duglas
1940 4748 2002 4805 des·

589 4854 739 4921 ponentem,
747 4849 799 4907 boc
810 4864 881 4907 anno
892 4852 962 4907 lato
973 4849 1081 4907 ineunte
1093 4848 1251 4907 Gaillalmus
1266 4848 1422 4907 Valentinus
1434 4848 1536 4907 electus
1549 4850 1577 4905 in
1587 4848 1708 4923 Angliam
1722 4846 1857 4905 conduxit.
