4859 6359
620 763 680 826 766
1124 763 1342 826 Fbtbssntct
1367 763 1541 826 SECUNDI
1839 761 1921 840 [aas.
1940 761 2028 824 1235.

622 897 706 986 uati,
735 895 949 970 attendentes
972 897 1075 970 etism
1094 908 1192 992 gruta
1215 899 1299 971 satis
1320 908 1356 972 et
1378 907 1520 996 accepta
1532 897 1679 972 servicia
1692 917 1764 992 que
1777 895 2029 990 idemburgra-

622 1020 704 1092 vius
721 1019 821 1092 nobis
836 1028 871 1092 et
887 1020 1031 1116 imperio
1047 1021 1172 1094 devote
1186 1020 1347 1095 exhibuit
1361 1021 1528 1096 hactenus
1544 1029 1581 1095 et
1596 1018 1729 1115 quode
1745 1019 1837 1093 bono
1852 1019 1889 1092 in
1907 1021 2029 1094 melius

624 1142 749 1237 poterit
772 1140 949 1233 exhibere,
971 1140 1016 1214 de
1034 1152 1149 1216 nostre
1166 1137 1381 1216 liberalitatis
1393 1143 1504 1238 pado
1525 1165 1598 1238 qno
1615 1143 1845 1218 benemeritos
1862 1152 1898 1215 et
1911 1142 2030 1216 fideles

623 1275 756 1338 nostros
776 1287 912 1360 semper
942 1265 1188 1338 consuevimus
1213 1265 1408 1362 prevenire,
1441 1265 1631 1361 predictam
1660 1265 1896 1340 venditionem
1921 1274 2029 1340 natam

626 1389 808 1478 babemus,
827 1389 958 1461 dictum
981 1397 1129 1462 castrum
1150 1411 1230 1462 cum
1245 1390 1408 1463 omnibns
1419 1388 1563 1483 justitiis
1575 1399 1610 1463 et
1626 1389 1843 1486 pertinentiis
1856 1390 1944 1479 suis,
1963 1390 2030 1462 sibi

623 1521 658 1584 et
678 1511 864 1585 heredibus
888 1511 963 1584 suis
990 1523 1157 1609 perpetuo
1180 1511 1434 1588 confirmantes.
1461 1511 1518 1586 Ad
1541 1512 1647 1608 hujus
1669 1513 1789 1609 itaque
1804 1521 1921 1587 nostre
1941 1533 2031 1586 con-

624 1635 825 1708 firmationis
848 1635 1061 1730 memoriam,
1080 1657 1222 1732 presens
1245 1637 1412 1733 scriptum
1429 1635 1505 1711 fieri
1529 1646 1565 1711 et
1580 1637 1694 1732 sigillo
1711 1637 1900 1733 majestatis
1917 1645 2030 1710 nostre

618 1761 784 1854 jussimus
803 1760 1020 1832 communiri.
1322 1752 1324 1755 ’

672 1887 784 1978 liujus
810 1883 859 1955 rei
885 1892 988 1956 testes
1010 1891 1092 1956 suut
1112 1911 1120 1955 ε
1139 1886 1174 1958 S.
1196 1883 1408 1958 venerabilis
1422 1885 1680 1982 Ratisponensis
1693 1885 1895 1982 episeopus,
1915 1885 2030 1982 impe-

623 2010 717 2083 rialis
733 2011 811 2082 aule
825 2009 1061 2102 cancellarius,
1081 2011 1183 2084 irater
1198 2012 1242 2084 Η.
1260 2011 1470 2086 venerabilis
1486 2010 1651 2103 magister
1666 2011 1792 2086 domus
1805 2009 2027 2102 Teuthonioe,

621 2135 837 2206 Hermannus
860 2133 1013 2206 marchio
1036 2131 1082 2206 de
1103 2132 1242 2224 Baden,
1266 2155 1383 2208 comes
1404 2133 1599 2208 Fridericus
1619 2133 1666 2208 de
1689 2135 1807 2226 Zolre,
1832 2132 2031 2207 Wolfradns

625 2256 670 2329 de
691 2255 884 2347 Crutheim,
912 2257 1017 2358 irater
1042 2257 1247 2331 bertholdus
1270 2257 1317 2331 de
1340 2256 1518 2352 Tanrode,
1537 2257 1719 2333 Cunradus
1744 2258 1791 2334 de
1813 2256 2028 2349 Smidelvelt,

623 2381 839 2452 Hermaunus
858 2379 903 2454 de
920 2381 1149 2475 Stolzenberc,
1174 2383 1343 2456 Heuricus
1354 2381 1400 2458 de
1413 2383 1546 2476 steine,
1565 2381 1759 2458 Fridericus
1772 2380 1818 2457 de
1833 2381 2029 2474 Kezelbcrc,

622 2505 837 2578 dermannus
855 2503 901 2578 de
919 2505 1080 2599 SeheiJm,
1099 2516 1133 2580 et
1150 2508 1208 2578 alii
1223 2509 1458 2605 quamplures.

671 2631 755 2702 Data
773 2629 867 2724 apud
892 2632 1111 2725 Hegenowe,
1132 2653 1224 2705 enno
1244 2632 1418 2706 dominice
1437 2634 1683 2711 incarnationis
1704 2632 1885 2707 millesimo
1902 2632 2032 2706 ducen-

622 2752 743 2825 tesimo
758 2753 928 2828 tricesimo
946 2755 1081 2850 quinto,
1102 2777 1221 2830 mense
1239 2755 1456 2854 septembris,
1475 2778 1567 2830 none
1581 2756 1795 2832 indictionis.

677 3477 907 3581 FridericuS‚
928 3477 1189 3561 Romanorum
1216 3478 1435 3590 imperator,
1464 3479 1516 3564 ad
1545 3479 1857 3590 conquestionem
1887 3477 2036 3564 abbatis

622 3608 879 3696 Murhacensis
905 3609 1091 3696 uniuersis
1117 3610 1266 3721 imperii
1292 3611 1470 3698 fidelibus
1495 3597 1655 3697 mandat
1679 3623 1724 3698 ut
1745 3614 1875 3697 nullus
1900 3614 1951 3697 sit
1966 3613 2033 3725 qui

623 3743 725 3828 bona
755 3743 926 3854 ejusdem
962 3742 1140 3828 ecclesiae
1176 3743 1342 3830 alienare
1367 3755 1606 3856 praesumat,
1627 3747 1696 3830 sed
1730 3745 1764 3829 si
1792 3773 1871 3856 qua
1905 3745 2033 3830 illicite

627 3875 789 3960 alienata
815 3875 976 3984 luerint,
997 3875 1047 3960 nd
1063 3874 1127 3986 jus
1145 3876 1266 3988 ipsius
1283 3877 1462 3962 ecclesiae
1478 3879 1642 3964 debeant
1655 3881 1837 3963 revocari.

703 4145 833 4226 (Edlder.
842 4145 953 4218 Lunre,
967 4143 1174 4224 Rciedrorclrr’o,
1185 4152 1349 4211 continuat.
1361 4151 1388 4227 1,
1396 4151 1534 4233 Sptctleg.
1546 4152 1664 4226 neoto,
1677 4168 1709 4229 p.
1725 4159 1838 4214 ω.-
1847 4151 2030 4225 Scndnrnur,

742 4249 838 4314 nbat.
853 4247 985 4332 diplom,
999 4258 1024 4316 t.
1039 4254 1069 4331 1,
1084 4271 1114 4333 p.
1132 4253 1214 4334 err.)

669 4487 881 4582 Fridericus,
903 4489 965 4562 Dei
983 4489 1092 4582 gratia
1110 4489 1340 4563 Romanorum
1362 4489 1549 4587 imperatur
1572 4511 1708 4588 semper
1728 4499 1914 4586 augustus,
1933 4493 2031 4565 Jeru-

622 4613 727 4688 salem
764 4621 799 4686 et
828 4611 943 4686 Sicilie
974 4635 1051 4686 rex.
1078 4613 1143 4687 Per
1173 4633 1317 4709 presens
1344 4613 1512 4711 scriptum
1536 4625 1657 4690 notum
1684 4617 1830 4690 fadmus
1860 4617 2031 4690 universis

619 4737 753 4832 imperii
771 4736 932 4810 fidelibus
952 4745 1023 4808 lam
1040 4739 1259 4832 presentibus
1279 4759 1386 4832 wem
1403 4739 1529 4812 tuturis
1543 4741 1640 4835 quod
1658 4762 1738 4813 cnm
1756 4741 1906 4814 dilectus
1929 4741 2030 4836 prin-

618 4881 700 4955 cepe
727 4869 842 4932 nostor
876 4860 1084 4932 uenerabilis
1116 4861 1351 4936 Murbacensis
1381 4862 1491 4937 abbas
1520 4883 1636 4938 eoram
1672 4864 1814 4938 Alberto
1844 4864 2030 4956 iustitiario
