4859 6359
615 723 676 785 936
1164 726 1473 791 onninamente

617 862 693 955 ipse
709 860 834 933 nostris
848 858 1001 933 consiliis
1011 861 1253 937 obsecundans
1266 862 1406 937 arbitrio
1425 870 1541 936 nostro
1557 860 1764 937 fiducialiter
1780 885 1819 938 se
1834 866 2023 958 cummisit,

618 983 707 1056 siem
722 1005 769 1057 ex
786 983 907 1057 litteris
919 985 994 1077 ejus
1007 1006 1111 1059 aurea
1125 984 1221 1059 bulla
1234 986 1388 1077 munitis,
1405 1008 1554 1081 quarum
1569 996 1721 1060 tenorem
1733 987 1835 1060 vobis
1849 988 1916 1060 sub
1931 988 2027 1062 bulla

617 1117 732 1181 nostra
750 1107 1024 1201 transmittimus,
1044 1109 1186 1205 potestis
1201 1110 1336 1206 plenius
1352 1110 1492 1184 intueri.
1506 1112 1593 1185 Cum
1610 1111 1715 1207 igitur
1730 1111 1914 1207 imperator
1931 1112 2026 1208 paci·

619 1230 683 1306 lice
699 1232 881 1325 cujuslibet
899 1232 1061 1307 violentie
1074 1234 1270 1330 suspicione
1286 1245 1472 1327 summota,
1488 1258 1568 1308 cnm
1585 1234 1656 1309 lilio
1671 1245 1707 1307 et
1724 1235 1936 1331 principibus
1954 1236 2027 1309 suis

617 1355 774 1429 intendat
799 1357 1008 1451 colloquium
1037 1358 1212 1432 celebrare
1240 1368 1279 1431 ut
1304 1358 1537 1433 reconciliatio
1567 1360 1668 1455 plena
1696 1358 1772 1451 liat,
1803 1381 1868 1433 nec
1894 1369 2025 1431 tantum

616 1479 747 1553 bonum
771 1480 888 1573 aliquo
908 1481 1022 1553 valeat
1047 1481 1147 1555 obice
1168 1480 1361 1578 prepsdiri,
1381 1482 1620 1555 discretionem
1636 1492 1786 1555 vestram
1806 1502 1969 1575 rogamus
1992 1491 2027 1555 et

617 1625 799 1677 monemus
825 1613 951 1677 attente
973 1626 1036 1700 per
1056 1604 1253 1701 Apostolicu
1275 1605 1376 1679 vobis
1393 1606 1520 1702 scripta
1543 1604 1746 1678 mandantes
1768 1613 1939 1698 quatenus
1964 1604 2026 1677 di-

617 1730 714 1801 lectis
731 1726 810 1799 liliis
825 1729 1015 1803 rectoribus
1031 1729 1203 1803 societatis
1219 1729 1376 1822 ejusdem
1392 1730 1456 1831 hec
1468 1730 1583 1803 omnia
1600 1737 1811 1825 exponentes
1830 1737 1865 1801 et
1884 1749 2026 1801 enume-

617 1862 733 1925 rantes
764 1852 916 1946 pericula
941 1875 1011 1947 que
1040 1853 1283 1926 inevitabiliter
1306 1854 1541 1944 imminerent,
1563 1853 1655 1948 ipsos
1679 1852 1845 1925 moneatis
1872 1850 2025 1947 pruden-

618 1988 669 2048 ter
687 1986 723 2049 et
738 1976 921 2049 efficaciter
932 1976 1106 2051 inducatis
1123 1987 1163 2049 ut
1176 1978 1279 2050 saluti
1295 1987 1331 2052 et
1343 1977 1452 2072 quieti
1469 1998 1533 2050 sue
1553 1976 1711 2049 studeant
1727 1974 1924 2072 providere.
1951 1976 2026 2062 Qus

620 2111 734 2173 antem
758 2100 858 2173 vobis
883 2100 1049 2173 duxerint
1068 2100 1328 2196 respondenda,
1354 2101 1455 2175 nobis
1477 2102 1629 2175 celeriter
1654 2123 1717 2195 per
1741 2110 1872 2173 vestras
1898 2100 2025 2173 litteras

620 2225 779 2296 intimare
796 2224 934 2297 curetis.
953 2224 1099 2309 Quodsi
1115 2246 1184 2298 nou
1202 2246 1339 2311 omncs,
1359 2236 1442 2313 etc,
1463 2224 1534 2298 duo
1549 2234 1719 2316 vestrum,
1737 2234 1804 2298 etc.

668 2350 793 2422 Datum
810 2348 926 2436 Reate,
942 2348 1094 2423 lluonas
1106 2350 1324 2447 septembris,
1346 2348 1565 2445 pontificatus
1580 2350 1686 2421 nostri
1703 2370 1794 2423 anno
1812 2349 1853 2421 ll.

671 2596 832 2691 Sequitur
850 2596 955 2669 altera
978 2595 1120 2692 epistola
1144 2594 1276 2669 eisdem
1299 2594 1428 2669 directa
1451 2606 1486 2668 et
1507 2597 1558 2667 illi
1579 2618 1684 2691 quam
1704 2618 1750 2671 ex
1767 2596 1945 2694 llaynuldo
1962 2596 2025 2669 de·

622 2720 738 2795 dimus
754 2720 814 2812 (cl.
834 2742 956 2815 supra,
980 2743 1015 2817 p.
1035 2720 1122 2814 268)
1139 2722 1209 2793 lere
1231 2720 1349 2815 quoad
1369 2742 1508 2793 sensum
1530 2720 1732 2806 consimilis,
1754 2722 1821 2793 nisi
1841 2720 1938 2815 quod
1961 2718 2024 2793 ad·

621 2846 741 2917 ditur:
764 2871 782 2915 o
798 2846 843 2918 Ut
862 2854 977 2919 autem
993 2843 1218 2916 dubitationis
1236 2846 1420 2941 scrupulus
1441 2842 1486 2917 de
1510 2844 1744 2917 vacillantium
1762 2844 1925 2917 cordibus
1949 2864 2026 2916 me-

621 2970 688 3041 lius
714 2972 899 3059 auferatur,
921 2968 1063 3063 probate
1090 2966 1171 3041 fidei
1198 2966 1313 3039 virum
1344 2966 1508 3041 dilectum
1535 2968 1645 3040 lilium
1673 2969 1873 3062 magistrum
1902 2967 2026 3041 domus

619 3094 798 3189 hospitalis
813 3096 938 3166 Sancte
955 3092 1062 3165 ldarie
1084 3090 1387 3182 Tbeutonicornm‚
1406 3094 1505 3187 cujus
1523 3094 1840 3189 circumspectionis
1856 3092 2026 3165 industria

622 3217 736 3291 reddit
759 3219 875 3312 ipsum
895 3215 1018 3289 merito
1042 3214 1249 3308 gratiosum,
1282 3215 1471 3311 adportes
1504 3216 1710 3291 Lumberdis
1740 3218 1924 3312 imperator
1953 3217 2027 3310 ipse

622 3343 819 3414 transmittit
834 3362 895 3435 per
910 3361 1015 3433 quem
1032 3360 1074 3413 ea
1092 3340 1228 3413 tractari
1252 3362 1430 3435 speramus
1448 3362 1518 3434 que
1541 3340 1588 3415 ad
1608 3341 1703 3435 pacis
1720 3340 1890 3435 pertinent
1911 3338 2025 3413 firma·

625 3475 793 3539 mentum.
828 3464 980 3557 ideoque
1007 3463 1206 3537 iratemitati
1237 3474 1351 3537 vestre
1373 3486 1435 3559 per
1454 3464 1650 3559 Apostolicu
1676 3464 1801 3559 scripta
1821 3462 2027 3537 mandamus

626 3599 798 3683 quatenns
817 3588 853 3659 in
878 3587 947 3659 hiis
969 3608 1039 3681 que
1058 3586 1151 3659 idem
1174 3586 1336 3681 magister
1357 3609 1404 3660 ex
1427 3596 1523 3682 parte
1548 3587 1658 3683 ipsius
1679 3587 1893 3683 imperatoris
1915 3596 2025 3660 recto·

624 3714 722 3785 ribus
738 3712 879 3808 prelatis
895 3720 1061 3805 exponet,
1082 3710 1149 3781 sibi
1165 3710 1277 3783 taliter
1296 3710 1461 3783 assistatis
1481 3708 1578 3804 qnod
1597 3730 1660 3805 per
1672 3710 1748 3802 ejus
1766 3721 1801 3783 et
1816 3720 1930 3783 vestre
1951 3710 2027 3783 dis·

623 3836 781 3909 cretionis
800 3834 956 3909 studium
975 3834 1072 3929 quod
1094 3832 1141 3907 de
1166 3835 1334 3929 colloquio
1355 3836 1558 3929 premissum
1585 3846 1638 3907 est
1657 3833 1704 3907 ad
1724 3832 1890 3907 honorem
1911 3834 1973 3907 Dei
1993 3844 2027 3907 et

622 3961 775 4033 Ecclesia
798 3981 840 4032 ec
861 3959 1075 4054 imperatoris
1104 3957 1261 4049 eiusdem
1288 3978 1421 4031 necnon
1438 3978 1558 4053 pacem
1584 3966 1619 4029 et
1643 3958 1920 4052 tranquillitatem
1946 3978 2026 4053 pro·

623 4085 738 4157 vincie
750 4082 953 4155 lombardie
965 4080 1119 4155 debitum
1133 4091 1363 4176 consequatur
1376 4081 1547 4155 effectum.
1562 4081 1721 4155 Ceterum
1736 4090 1775 4153 ut
1790 4082 1919 4175 liqueat
1927 4080 2027 4153 vobis

623 4208 771 4304 qualiter
787 4205 900 4281 eidem
922 4206 1119 4301 imperatori
1140 4207 1378 4301 scripserimus
1395 4206 1430 4277 in
1447 4205 1513 4277 huo
1527 4214 1643 4299 parte,
1671 4205 1911 4301 transcriptum
1937 4204 2026 4277 litte·

623 4355 740 4407 rarum
765 4340 954 4405 nostrarum
970 4350 1052 4401 ecce
1072 4329 1173 4401 vobis
1192 4330 1259 4402 sub
1275 4328 1369 4401 bulla
1390 4337 1506 4401 nostra
1528 4327 1694 4400 duximus
1711 4326 2023 4401 transmittendum.

543 4491 547 4497 ·
675 4483 693 4527 r
713 4456 839 4527 Datum
857 4454 979 4544 Reate,
997 4451 1207 4525 Vlralcudaa
1222 4452 1390 4539 octobris,
1406 4472 1497 4524 anuo
1513 4452 1556 4523 V.
1575 4476 1593 4521 a

670 4582 722 4653 lle
736 4602 774 4652 re
790 4578 911 4653 eadem
928 4586 1058 4650 etcum
1075 4576 1164 4649 notis
1177 4576 1427 4668 chronologicis
1442 4575 1572 4648 eisdem
1591 4574 1753 4667 scriptum
1769 4582 1822 4646 est
1838 4574 2026 4647 rectoribus

621 4704 793 4778 societatis
818 4700 1043 4775 lombardiae
1071 4712 1106 4772 et
1133 4701 1295 4796 episcopo
1328 4698 1580 4793 llatisponensi‚
1611 4698 1794 4795 imperialis
1819 4700 1919 4771 aulae
1939 4720 2027 4771 can-

621 4826 767 4901 cellario.
